% Encoding: UTF-8
% DILA direction de l'information légale et administrative

@inproceedings{muhlenbach2019AIAndLawFrench,
	title={{Artificial Intelligence and Law: What Do People Really Want?: Example of a French Multidisciplinary Working Group}},
	author={Muhlenbach, Fabrice and Sayn, Isabelle},
	booktitle={{Proceedings of the 17th International Conference on Artificial Intelligence and Law}},
	pages={224--228},
	year={2019},
	month={June},
	organization={{ACM}},
	doi={10.1145/3322640.3326722}
}

@Book{fukuaga1990StatPattRecogn-LDA,
	title={{Introduction to Statistical Pattern Recognition}},
	author={Fukuaga, Keinosuke},
	publisher={Academic Press},
	year={1990}
}


@book{duda2012pattern-LDA,
	title={Pattern classification},
	author={Duda, Richard O. and Hart, Peter E. and Stork, David G.},
	year={2000},
	edition="2nd",
	publisher={John Wiley \& Sons}
}


@article{marascuilo1966multcomparison,
	title={Large-sample multiple comparisons.},
	author={Marascuilo, Leonard A.},
	journal={Psychological bulletin},
	volume={65},
	number={5},
	pages={280},
	year={1966},
	publisher={{American Psychological Association}}
}

@inproceedings{aleven1997evaluating_CATO,
	title= {{Evaluating A Learning Environment For Case-based Argumentation Skills}},
	author={Aleven, Vincent and Ashley, Kevin D.},
	booktitle= {{Proceedings of the 6th international conference on artificial intelligence and law (ICAIL)}},
	pages= {{170--179}},
	year= {{1997}},
	organization= {{ACM}}
}

@book{ashley1990modeling_factors,
	title= {{Modeling Legal Arguments: Reasoning With Cases And Hypotheticals}},
	author={Ashley, Kevin D.},
	year= {{1990}},
	publisher= {MIT press},	
	url={https://pdfs.semanticscholar.org/25dd/10eea3136ed2b4bcb73897d5108c5e207581.pdf}
}

@inproceedings{bench1997arguingwithwases_factors,
	title= {{Arguing With Cases}},
	author={Bench-Capon, Trevor J.M.},
	booktitle= {{Proceedings of The Tenth Conference of The Foundation for Legal Knowledge Systems (JURIX'97)}},
	pages= {{85--100}},
	year= {{1997}}
}

@article{Hochreiter1997LSTM,
	title= {{Long Short-Term Memory}},
	author={Sepp Hochreiter and J{\"u}rgen Schmidhuber},
	journal= {{Neural Computation}},
	year= {{1997}},
	volume= {{9}},
	pages= {{1735-1780}}
}

@article{elman1990findingstructure_rnn,
	title= {{Finding Structure In Time}},
	author={Elman, Jeffrey L.},
	journal= {{Cognitive science}},
	volume= {{14}},
	number= {{2}},
	pages= {{179--211}},
	year= {{1990}},
	publisher= {{Wiley Online Library}}
}


@article{aleven2003CATO,
	title= {{Using Background Knowledge In Case-based Legal Reasoning: A Computational Model And An Intelligent Learning Environment}},
	author={Aleven, Vincent},
	journal= {{Artificial Intelligence}},
	volume= {{150}},
	number= {{1-2}},
	pages= {{183--237}},
	year= {{2003}},
	publisher= {{Elsevier}}
}

@techreport{jordan1986serialorder_rnn,
	title= {{Serial Order: A Parallel Distributed Processing Approach. Technical Report, June 1985 - March 1986}},
	author={Jordan, Michael I.},
	year= {{1986}},
	institution= {{California Univ., San Diego, La Jolla (USA). Inst. for Cognitive Science}}
}

@phdthesis{truong2016optimisationmachinesynchrone,
	title = {{Optimisation Des Performances De La Machine Synchrone {\`a} R{\'e}luctance Variable: Approches Par La Conception Et Par La Commande}},
	school = {{Université de Haute-Asace, Mulhouse}},
	author= {Truong, Phuoc Hoa},
	year = {{2016}}, 
}

@article{mcculloch1943nervousactivity,
	title= {{A Logical Calculus Of The Ideas Immanent In Nervous Activity}},
	author={McCulloch, Warren S. and Pitts, Walter},
	journal= {{The bulletin of mathematical biophysics}},
	volume= {{5}},
	number= {{4}},
	pages= {{115--133}},
	year= {{1943}},
	publisher= {{Springer}}
}

@article{rosenblatt1958perceptron,
	title= {{The Perceptron: A Probabilistic Model For Information Storage And Organization In The Brain}},
	author={Rosenblatt, Frank},
	journal= {{Psychological Review}},
	volume= {{65}},
	number= {{6}},
	pages= {{386}},
	year= {{1958}},
	publisher= {{American Psychological Association}}
}

@article{harispe2015semanticsimilarity,
	title= {{Semantic similarity from natural language and ontology analysis}},
	author={Harispe, S{\'e}bastien and Ranwez, Sylvie and Janaqi, Stefan and Montmain, Jacky},
	journal= {{Synthesis Lectures on Human Language Technologies}},
	volume= {{8}},
	number= {{1}},
	pages= {{1--254}},
	year= {{2015}},
	publisher= {{Morgan \& Claypool Publishers}}
}

@BOOK{Breiman1984CART,
author= {Leo {Breiman} and J. H. {Friedman} and R. A. {Olshen} and C. J. {Stone}},
title = {{Classification and Regression Trees}},
year = {{1984}},
publisher = {{Wadsworth Publishing Company}},
address = {{Belmont, California, U.S.A.}},
series = {{Statistics/Probability Series}},
isbn-hard = {{0534980546 (softcover)}},
isbn-soft = {{0534980538 (hardcover)}},
}

@article{quinlan1993c4.5,
	title= {{C4.5: Programming for machine learning}},
	author={Quinlan, J. Ross},
	journal= {{Morgan Kauffmann}},
	volume= {{38}},
	pages= {{48}},
	year= {{1993}}
}


@book{salton1983modernIR_BoW,
	title= {{Introduction To Modern Information Retrieval}},
	author={Salton, Gerard and McGill, Michael J.},
	year= {{1983}},
	isbn = {0070544840},
	publisher = {{McGraw-Hill, Inc.}},
	address = {{New York, NY, USA}}
}


@article{salton1975BoW,
	title= {{A Vector Space Model For Automatic Indexing}},
	author={Salton, Gerard and Wong, Anita and Yang, Chung-Shu},
	journal= {{Communications of the {ACM}}},
	volume= {{18}},
	number= {{11}},
	pages= {{613--620}},
	year= {{1975}},
	publisher= {{ACM}}
}


@article{paatero1994nmf,
	title= {{Positive matrix factorization: A non-negative factor model with optimal utilization of error estimates of data values}},
	author={Paatero, Pentti and Tapper, Unto},
	journal= {{Environmetrics}},
	volume= {{5}},
	number= {{2}},
	pages= {{111--126}},
	year= {{1994}},
	publisher= {{Wiley Online Library}}
}


@article{tibshirani2001gap_statistic,
	title= {{Estimating the number of clusters in a data set via the gap statistic}},
	author={Tibshirani, Robert and Walther, Guenther and Hastie, Trevor},
	journal= {{Journal of the Royal Statistical Society: Series B (Statistical Methodology)}},
	volume= {{63}},
	number= {{2}},
	pages= {{411--423}},
	year= {{2001}},
	publisher= {{Wiley Online Library}}
}

@inproceedings{fang2016w2v_for_topiccoherence,
	title= {{Using word embedding to evaluate the coherence of topics from twitter data}},
	author={Fang, Anjie and Macdonald, Craig and Ounis, Iadh and Habel, Philip},
	booktitle= {{Proceedings of the 39th International ACM SIGIR conference on Research and Development in Information Retrieval}},
	pages= {{1057--1060}},
	year= {{2016}},
	organization= {{ACM}}
}

@article{deerwester1990indexingbyLSA,
	title= {{Indexing By Latent Semantic Analysis}},
	author={Deerwester, Scott and Dumais, Susan T. and Furnas, George W. and Landauer, Thomas K. and Harshman, Richard},
	journal= {{Journal Of The American Society For Information Science}},
	volume= {{41}},
	number= {{6}},
	pages= {{391--407}},
	year= {{1990}},
	publisher= {{Wiley Online Library}}
}

@article{burrows1992PCA,
	title= {{Not unles you ask nicely: The interpretative nexus between analysis and information}},
	author={Burrows, John F},
	journal= {{Literary and Linguistic Computing}},
	volume= {{7}},
	number= {{2}},
	pages= {{91--109}},
	year= {{1992}},
	publisher= {{Oxford University Press}}
}

@inproceedings{arora2017wordAvgSentEmbedd,
	title= {{a Simple But Tough-to-beat Baseline For Sentence Embeddings}},
	author={Arora, Sanjeev and Liang, Yingyu and Ma, Tengyu},
	booktitle= {{Proceedings of 5th International Conference on Learning Representations (ICLR)}},
	year= {{2017}},
	address= {Toulon, France}
}
 

@inproceedings{mikolov2013word2vec,
	title= {{Efficient estimation of word representations in vector space}},
	author={Mikolov, Tomas and Chen, Kai and Corrado, Greg and Dean, Jeffrey},
	booktitle={{Proceedings of the International Conference on Learning Representations (ICLR)}},
	year= {{2013}}
}

@inproceedings{dumais1988LSI,
	title= {{Using Latent Semantic Analysis To Improve Access To Textual Information}},
	author={Dumais, Susan T. and Furnas, George W. and Landauer, Thomas K. and Deerwester, Scott and Harshman, Richard},
	booktitle= {{Proceedings of the SIGCHI conference on Human factors in computing systems}},
	pages= {{281--285}},
	year= {{1988}},
	organization= {{ACM}}
}


@misc{dila2019capp,
	author= {DILA},
	title = {{Base de données CAPP}},
	year = {{2019}},
	note = {{Page d'accueil à \url{https://www.data.gouv.fr/fr/datasets/capp/}}, fichiers CAPP\_20180315-195806.tar.gz à CAPP\_20190805-214041.tar.gz et Freemium\_capp\_global\_20180315-170000.tar.gz téléchargés à partir de \url{ftp://echanges.dila.gouv.fr/CAPP/}},
}


@article{bray1957distance-braycurtis,
	title= {{An ordination of the upland forest communities of southern Wisconsin}},
	author={Bray, J Roger and Curtis, John T},
	journal= {{Ecological monographs}},
	volume= {{27}},
	number= {{4}},
	pages= {{325--349}},
	year= {{1957}},
	publisher= {{Wiley Online Library}}
}


@article{jaccard1901similarite-jaccard,
	title= {{Etude comparative de la distribution florale dans une portion des Alpes et des Jura}},
	author={Jaccard, Paul},
	journal= {{Bulletin de la Société Vaudoise Sciences Naturelles}},
	volume= {{37}},
	pages= {{547--579}},
	year= {{1901}}
}


@article{cohen1960kappa,
	title= {{A coefficient of agreement for nominal scales}},
	author={Cohen, Jacob},
	journal= {{Educational and psychological measurement}},
	volume= {{20}},
	number= {{1}},
	pages= {{37--46}},
	year= {{1960}},
	publisher= {{Sage Publications Sage CA: Thousand Oaks, CA}}
}


@incollection{manning2009irbook-flatclustering,
	author ={Manning, Christopher D. and Raghavan, Prabhakar and Sch{\"u}tze, Hinrich},
	title ={{Flat clustering}},
	booktitle ={{Introduction to information retrieval}},
	year= {{2009}},
	publisher= {{Cambridge university press}},
	address ={{Cambridge}},
	pages ={{349-375}},
	chapter ={{16}},
}

@inproceedings{charlet2017simbow_tal,
	title= {{Simbow: une mesure de similarit{\'e} s{\'e}mantique entre textes}},
	author={Charlet, Delphine and Damnati, G{\'e}raldine},
	booktitle= {{24e Conf{\'e}rence sur le Traitement Automatique des Langues Naturelles (TALN)}},
	pages= {{126-133}},
	year=2017
}

@inproceedings{charlet2018simbow_coria,
	title= {{Similarité textuelle pour l’association de documents journalistiques}},
	author={Charlet, Delphine and Damnati, G{\'e}raldine},
	booktitle= {{15e Conférence en Recherche d’Information et Applications (CORIA)}},
	year= {{2018}},
	address= {{Rennes}},
	url= {{http://www.asso-aria.org/coria/2018/paper13.pdf}}
}

@inproceedings{charlet2017simbow_acl,
	title= {{Simbow at semeval-2017 task 3: Soft-cosine semantic similarity between questions for community question answering}},
	author={Charlet, Delphine and Damnati, Geraldine},
	booktitle= {{Proceedings of the 11th International Workshop on Semantic Evaluation (SemEval-2017)}},
	pages= {{315--319}},
	year= {{2017}}
}


@article{sidorov2014softcosine,
	title= {{Soft similarity and soft cosine measure: Similarity of features in vector space model}},
	author={Sidorov, Grigori and Gelbukh, Alexander and G{\'o}mez-Adorno, Helena and Pinto, David},
	journal= {{Computaci{\'o}n y Sistemas}},
	volume= {{18}},
	number= {{3}},
	pages= {{491--504}},
	year= {{2014}},
	publisher= {{Centro de Investigaci{\'o}n en Computaci{\'o}n, IPN}}
}

@article{kvalseth1987entropy_NMI,
	title= {{Entropy and correlation: Some comments}},
	author={Kvalseth, Tarald O},
	journal= {{IEEE Transactions on Systems, Man, and Cybernetics}},
	volume= {{17}},
	number= {{3}},
	pages= {{517--519}},
	year= {{1987}},
	publisher= {{IEEE}}
}


@article{vinh2010clusteringComparison,
	title= {{Information theoretic measures for clusterings comparison: Variants, properties, normalization and correction for chance}},
	author={Vinh, Nguyen Xuan and Epps, Julien and Bailey, James},
	journal= {{Journal of Machine Learning Research}},
	volume= {{11}},
	number= {{Oct}},
	pages= {{2837--2854}},
	year= {{2010}}
}


@article{rand1971randidx,
	title= {{Objective criteria for the evaluation of clustering methods}},
	author={Rand, William M},
	journal= {{Journal of the American Statistical association}},
	volume= {{66}},
	number= {{336}},
	pages= {{846--850}},
	year= {{1971}},
	publisher= {{Taylor \& Francis Group}}
}


@article{hubert1985adjustedrandidx,
	title= {{Comparing partitions}},
	author={Hubert, Lawrence and Arabie, Phipps},
	journal= {{Journal of classification}},
	volume= {{2}},
	number= {{1}},
	pages= {{193--218}},
	year= {{1985}},
	publisher= {{Springer}}
}


@inproceedings{strehl2000nmi,
	title= {{Impact of similarity measures on web-page clustering}},
	author={Strehl, Alexander and Ghosh, Joydeep and Mooney, Raymond},
	booktitle= {{Workshop on artificial intelligence for web search (AAAI 2000)}},
	volume= {{58}},
	pages= {{64}},
	year= {{2000}}
}


@article{afzali2018SimKmeans,
	title= {{An Extensive Study of Similarity and Dissimilarity Measures Used for Text Document Clustering using K-means Algorithm}},
	author={Afzali, Maedeh and Kumar, Suresh},
	year= {{2018}},
	pages= {{64-73}},
	journal= {{International Journal of Information Technology and Computer Science (IJITCS)}},
	volume=9,
	doi= {0.5815//ijitcs.2018.09.08}
}
bibid
@article{vijaymeena2016surveySim,
	title= {{A survey on similarity measures in text mining}},
	author={Vijaymeena, M.K. and Kavitha, K.},
	journal= {{Machine Learning and Applications: An International Journal}},
	volume= {{3}},
	number= {{2}},
	pages= {{19--28}},
	year= {{2016}}
}


@inproceedings{Lv2011BM25L,
	title= {{When documents are very long, BM25 fails!}},
	author={Yuanhua Lv and ChengXiang Zhai},
	booktitle= {{SIGIR}},
	year= {{2011}}
}

@article{halkidi2001clustvalidation,
	title= {{On clustering validation techniques}},
	author={Halkidi, Maria and Batistakis, Yannis and Vazirgiannis, Michalis},
	journal= {{Journal of intelligent information systems}},
	volume= {{17}},
	number= {{2-3}},
	pages= {{107--145}},
	year= {{2001}},
	publisher= {{Springer}}
}

@article{Amorim2015recoveringnumclust,
	title= {{Recovering the number of clusters in data sets with noise features using feature rescaling factors}},
	author={de Amorim, Renato Cordeiro and Hennig, Christian},
	journal= {{Information Sciences}},
	volume= {{324}},
	pages= {{126--145}},
	year= {{2015}},
	publisher= {{Elsevier}}
}

@inproceedings{liu2010interclustvalidation,
	title= {{Understanding of internal clustering validation measures}},
	author={Liu, Yanchi and Li, Zhongmou and Xiong, Hui and Gao, Xuedong and Wu, Junjie},
	booktitle= {{2010 IEEE International Conference on Data Mining}},
	pages= {{911--916}},
	year= {{2010}},
	organization= {{IEEE}}
}

@article{rousseeuw1987silhouetteclusternumber,
	title= {{Silhouettes: A Graphical Aid To The Interpretation And Validation Of Cluster Analysis}},
	author={Rousseeuw, Peter J},
	journal= {{Journal Of Computational And Applied Mathematics}},
	volume= {{20}},
	pages= {{53--65}},
	year= {{1987}},
	publisher= {{Elsevier}}
}

@inproceedings{huang2008similarityTextClustering,
	title= {{Similarity measures for text document clustering}},
	author={Huang, Anna},
	booktitle= {{Proceedings of the sixth new zealand computer science research student conference (NZCSRSC2008), Christchurch, New Zealand}},
	volume= {{4}},
	pages= {{9--56}},
	year= {{2008}}
}

@article{sugiyama2007LFDA,
	title= {{Dimensionality reduction of multimodal labeled data by local fisher discriminant analysis}},
	author={Sugiyama, Masashi},
	journal= {{Journal of machine learning research}},
	volume= {{8}},
	number= {{May}},
	pages= {{1027--1061}},
	year= {{2007}}
}

@inproceedings{goldberger2005NCA,
	title= {{Neighbourhood components analysis}},
	author={Goldberger, Jacob and Hinton, Geoffrey E and Roweis, Sam T and Salakhutdinov, Ruslan R},
	booktitle= {{Advances in neural information processing systems}},
	pages= {{513--520}},
	year= {{2005}}
}

@inproceedings{weinberger2007MLKR,
	title= {{Metric learning for kernel regression}},
	author={Weinberger, Kilian Q. and Tesauro, Gerald},
	booktitle= {{Artificial Intelligence and Statistics}},
	pages= {{612--619}},
	year= {{2007}}
}

@incollection{weinberger2005LMNN,
	title = {{Distance Metric Learning for Large Margin Nearest Neighbor Classification}},
	author= {Weinberger, Kilian Q. and John Blitzer and Lawrence K. Saul},
	booktitle = {{Advances in Neural Information Processing Systems 18}},
	editor = {{Y. Weiss and B. Sch\"{o}lkopf and J. C. Platt}},
	pages = {{1473--1480}},
	year = {{2006}},
	publisher = {{MIT Press}},
	url = {{http://papers.nips.cc/paper/2795-distance-metric-learning-for-large-margin-nearest-neighbor-classification.pdf}}
}
	
@inproceedings{hofmann1999PLSA,
	title= {{Probabilistic latent semantic analysis}},
	author={Hofmann, Thomas},
	booktitle= {{Proceedings of the Fifteenth conference on Uncertainty in artificial intelligence}},
	pages= {{289--296}},
	year= {{1999}},
	organization= {{Morgan Kaufmann Publishers Inc.}}
}


@inproceedings{dong2005ensembleSVM,
	title= {{Boosting SVM classifiers by ensemble}},
	author={Dong, Yan-Shi and Han, Ke-Song},
	booktitle= {{Special Interest Tracks And Posters Of The 14th International Conference On World Wide Web}},
	pages= {{1072--1073}},
	year= {{2005}},
	organization= {{ACM}}
}

@article{Amami2013PracticalModelSelectionSVM,
	title= {{Practical Selection of SVM Supervised Parameters with Different Feature Representations for Vowel Recognition}},
	author={Rimah Amami and Dorra Ben Ayed and Noureddine Ellouze},
	journal= {{International Journal of Digital Content Technology and its Applications (JDCTA)}},
	year= {{2013}},
	volume= {{7}},
	number=9,
	doi={10.4156/jdcta.vol7.issue9.50},
	url={https://arxiv.org/ftp/arxiv/papers/1507/1507.06020.pdf}
}

@incollection{Ben-Hur2010svm,
	author={Ben-Hur, Asa
	and Weston, Jason},
	title={{A User's Guide to Support Vector Machines}},
	chapter={{13}},
	booktitle={{Data Mining Techniques for the Life Sciences}},
	year={{2010}},
	publisher={{Humana Press}},
	address={{Totowa, NJ}},
	pages={{223--239}},
	isbn={{978-1-60327-241-4}},
	doi={{10.1007/978-1-60327-241-4_13}},
	url={https://doi.org/10.1007/978-1-60327-241-4_13}
}

@Article{Cortes1995svm,
	author={Cortes, Corinna
	and Vapnik, Vladimir},
	title={{Support-vector networks}},
	journal={{Machine Learning}},
	year={{1995}},
	month={{Sep}},
	day={{01}},
	volume={{20}},
	number={{3}},
	pages={{273--297}},
	doi={{10.1007/BF00994018}},
	url={{https://doi.org/10.1007/BF00994018}}
}

@techreport{van2013macromicroeval,
	title= {{Macro- and micro-averaged evaluation measures}},
	author={Van Asch, Vincent},
	institution= {Computational Linguistics \& Psycholinguistics (CLiPS)},
	address={Belgium},
	year= {2013},
	note= {\url{https://pdfs.semanticscholar.org/1d10/6a2730801b6210a67f7622e4d192bb309303.pdf}}
}


@article{im2017textclasstermweighting,
	title= {{Text Classification for Patents: Experiments with Unigrams, Bigrams and Different Weighting Methods.}},
	author={Im, Chan Jong and Mandl, Thomas and others},
	journal= {{International Journal of Contents}},
	volume= {{13}},
	number= {{2}},
	year= {{2017}}
}

@article{liu2007pls4classif,
	title= {{PLS and dimension reduction for classification}},
	author={Liu, Yushu and Rayens, William},
	journal= {{Computational Statistics}},
	volume= {{22}},
	number= {{2}},
	pages= {{189--208}},
	year= {{2007}},
	publisher= {{Springer}}
}


@article{bazzoli2018classificationwithLS-PLS,
	title= {{Classification based on extensions of LS-PLS using logistic regression: application to clinical and multiple genomic data}},
	author={Bazzoli, Caroline and Lambert-Lacroix, Sophie},
	journal= {{BMC bioinformatics}},
	volume= {{19}},
	number= {{1}},
	pages= {{314}},
	year= {{2018}},
	publisher= {{BioMed Central}},
	url= {{https://hal.archives-ouvertes.fr/hal-01405101/document}}
}


@inproceedings{zeng2007textclassPLS,
	title= {{Text classification based on partial least square analysis}},
	author= {Zeng, Xue-Qiang and Wang, Ming-Wen and Nie, Jian-Yun},
	booktitle= {{Proceedings of the 2007 ACM symposium on Applied computing}},
	pages= {{834--838}},
	year= {{2007}},
	organization= {{ACM}},
	url= {{http://www-rali.iro.umontreal.ca/rali/sites/default/files/publis/p834-zeng.pdf}}
}


@article{durif2017sparsePLSandLogit,
	title= {{High dimensional classification with combined adaptive sparse PLS and logistic regression}},
	author={Durif, Ghislain and Modolo, Laurent and Michaelsson, Jakob and Mold, Jeff E. and Lambert-Lacroix, Sophie and Picard, Franck},
	journal= {{Bioinformatics}},
	volume= {{34}},
	number= {{3}},
	pages= {{485--493}},
	year= {{2017}},
	publisher= {{Oxford University Press}},
	url= {{https://hal.archives-ouvertes.fr/hal-01587360/document}}
}


@article{lacroux2011avantagesPLS,
	title= {{Les avantages et les limites de la m{\'e}thode \guillemotleft Partial Least Square \guillemotright (PLS): une illustration empirique dans le domaine de la GRH}},
	author={Lacroux, Alain},
	journal= {{Revue de gestion des ressources humaines}},
	number= {2},
	volume={80},
	pages= {45--64},
	year= {2011},
	publisher= {{Eska}},
	doi = {10.3917/grhu.080.0045},
	url= {\url{https://www.cairn.info/revue-de-gestion-des-ressources-humaines-2011-2-page-45.htm?try_download=1#}}
}

@article{wold1966pls,
	title= {{Estimation of principal components and related models by iterative least squares}},
	author={Wold, Herman},
	journal= {{Multivariate Analysis}},
	pages= {{391--420}},
	year= {{1966}},
	publisher= {{Academic Press}}
}


@article{wang2015distancemetriclearningsurvey,
	title= {{Survey on distance metric learning and dimensionality reduction in data mining}},
	author={Wang, Fei and Sun, Jimeng},
	journal= {{Data Mining and Knowledge Discovery}},
	volume= {{29}},
	number= {{2}},
	pages= {{534--564}},
	year= {{2015}},
	publisher= {{Springer}}
}


@report{bellet2013metriclearningsurvey,
	title= {{A Survey on Metric Learning for Feature Vectors and Structured Data.}},
	author={Bellet, Aur{\'e}lien and Habrard, Amaury and Sebban, Marc},
	institution={{[Research Report] Laboratoire Hubert Curien UMR 5516.}},
	note={{arXiv preprint arXiv:1306.6709}},
	year= {{2013}}
}

@article{kroll2013impactOfMulticollinearity-PLS,
	title={Impact of multicollinearity on small sample hydrologic regression models},
	author={Kroll, Charles N and Song, Peter},
	journal={Water Resources Research},
	volume={49},
	number={6},
	pages={3756--3769},
	year={2013},
	publisher={Wiley Online Library}
}


@misc{ghojogh2019ldaqdatutorial,
	title={Linear and Quadratic Discriminant Analysis: Tutorial},
	author={Ghojogh, Benyamin and Crowley, Mark},
	note={{arXiv preprint arXiv:1906.02590 [stat.ML]}},
	year={2019}
}

@article{ruparel2013smalldataclass,
	title= {{Learning from small data set to build classification model: A survey}},
	author={Ruparel, Nidhi H and Shahane, Nitin M and Bhamare, Devyani P},
	journal= {{Internationla Journal of Computer Applications}},
	volume= {{975}},
	number= {{8887}},
	pages= {{23--26}},
	year= {{2013}}
}


@incollection{tulyakov2008combiningclassifiers,
	title= {{Review of classifier combination methods}},
	author={Tulyakov, Sergey and Jaeger, Stefan and Govindaraju, Venu and Doermann, David},
	booktitle= {{Machine learning in document analysis and recognition}},
	pages= {{361--386}},
	year= {{2008}},
	publisher= {{Springer}}
}

@book{kuncheva2004combiningclassifiers,
	title= {{Combining pattern classifiers: methods and algorithms}},
	author={Kuncheva, Ludmila I.},
	year= {{2004}},
	publisher= {{John Wiley \& Sons}}
}


@inproceedings{kittler1996combiningclassifiers,
	title= {{Combining classifiers}},
	author={Kittler, Josef and Hater, Mohamad and Duin, Robert P.W.},
	booktitle= {{Proceedings of 13th international conference on pattern recognition}},
	volume= {{2}},
	pages= {{897--901}},
	year= {{1996}},
	organization= {{IEEE}}
}

@article{dudani1976originalwknn,
	title= {{The Distance-weighted k-Nearest-Neighbor Rule}},
	author={Dudani, Sahibsingh A.},
	journal= {{IEEE Transactions on Systems, Man, and Cybernetics}},
	volume={SMC-6},
	number={4}, 
	pages= {{325--327}},
	year= {{1976}},
	doi={10.1109/TSMC.1976.5408784},
	publisher= {{IEEE}},
	month={April},
}

@inproceedings{bicego2016wknnrevisited,
	title= {{Weighted k-Nearest Neighbor revisited}},
	author={Bicego, Manuele and Loog, Marco},
	booktitle= {{23rd International Conference on Pattern Recognition (ICPR)}},
	pages= {{1642--1647}},
	year= {{2016}},
	month={Dec},
	organization= {{IEEE}}
}


@article{gou2011wknn,
	title= {{A Novel Weighted Voting for K-Nearest Neighbor Rule.}},
	author={Gou, Jianping and Xiong, Taisong and Kuang, Yin},
	journal= {{JCP}},
	volume= {{6}},
	number= {{5}},
	pages= {{833--840}},
	year= {{2011}}
}


@article{olkin1992gini,
	title= {{Gini regression analysis}},
	author={Olkin, Ingram and Yitzhaki, Shlomo},
	journal= {{International Statistical Review/Revue Internationale de Statistique}},
	pages= {{185--196}},
	year= {{1992}},
	publisher= {{JSTOR}}
}


@book{Yitzhaki12,
	title= {{The Gini methodology: A primer on a statistical methodology}},
	author={Yitzhaki, Shlomo and Schechtman, Edna}},
	volume= {{272}},
	year= {{2012}},
	publisher= {{Springer Science \& Business Media}}
}

@incollection{bandalos2010factoranalysismisconceptions,
	title= {{Four common misconceptions in exploratory factor analysis}},
	author={Bandalos, Deborah L. and Boehm-Kaufman, Meggen R.},
	booktitle= {{Statistical and methodological myths and urban legends}},
	pages= {{81--108}},
	year= {{2010}},
	publisher= {{Routledge}}
}

@article{kaiser1960computers4factoranalysis,
	title= {{The application of electronic computers to factor analysis}},
	author={Kaiser, Henry F},
	journal= {{Educational and psychological measurement}},
	volume= {{20}},
	number= {{1}},
	pages= {{141--151}},
	year= {{1960}},
	publisher= {{Sage Publications Sage CA: Thousand Oaks, CA}}
}

@article{guttman1954factoranalysisconditions,
	title= {{Some necessary conditions for common-factor analysis}},
	author={Guttman, Louis},
	journal= {{Psychometrika}},
	volume= {{19}},
	number= {{2}},
	pages= {{149--161}},
	year= {{1954}},
	publisher= {{Springer}}
}


@incollection{wold,
	title= {{The multivariate calibration problem in chemistry solved by the PLS method}},
	author={Wold, Svante and Martens, Harold and Wold, Herman},
	booktitle= {{Matrix pencils}},
	pages= {{286--293}},
	year= {{1983}},
	publisher= {{Springer}}
}


@article{Schechtman03,
	title= {{A family of correlation coefficients based on the extended Gini index}},
	author={Schechtman, Edna and Yitzhaki, Shlomo},
	journal= {{The Journal of Economic Inequality}},
	volume= {{1}},
	number= {{2}},
	pages= {{129--146}},
	year= {{2003}},
	publisher= {{Springer}}
}

@article{thorndike1953HAC_nb_clusters,
	title= {{Who belongs in the family?}},
	author={Thorndike, Robert L},
	journal= {{Psychometrika}},
	volume= {{18}},
	number= {{4}},
	pages= {{267--276}},
	year= {{1953}},
	publisher= {{Springer}},
	url= {{https://hlab.stanford.edu/brian/number_of_clusters_.html}}
}


@inproceedings{salvador2004Hierarchical_clustering_number_of_clusters,
	title= {{Determining the number of clusters/segments in hierarchical clustering/segmentation algorithms}},
	author={Salvador, Stan and Chan, Philip},
	booktitle= {{16th IEEE International Conference on Tools with Artificial Intelligence}},
	pages= {{576--584}},
	year= {{2004}},
	organization= {{IEEE}}
}

@book{witten2016datamining_NMI,
	title= {{Data Mining: Practical machine learning tools and techniques}},
	author={Witten, Ian H and Frank, Eibe and Hall, Mark A and Pal, Christopher J}},
	year= {{2016}},
	publisher= {{Morgan Kaufmann}}
}


@article{lu2011kmeansLDApLSA,
	title= {{Investigating task performance of probabilistic topic models: an empirical study of PLSA and LDA}},
	author={Lu, Yue and Mei, Qiaozhu and Zhai, ChengXiang},
	journal= {{Information Retrieval}},
	volume= {{14}},
	number= {{2}},
	pages= {{178--203}},
	year= {{2011}},
	publisher= {{Springer}}
}

@inproceedings{nefti2004probabilisticFuzzyCMeans,
	title= {{Probabilistic-fuzzy clustering algorithm}},
	author={Nefti, Samia and Oussalah, Mourad},
	booktitle= {{2004 IEEE International Conference on Systems, Man and Cybernetics (IEEE Cat. No. 04CH37583)}},
	volume= {{5}},
	pages= {{4786--4791}},
	year= {{2004}},
	organization= {{IEEE}}
}

@inproceedings{yang2017kmeansfriendlysps,
	title= {{Towards k-means-friendly spaces: Simultaneous deep learning and clustering}},
	author={Yang, Bo and Fu, Xiao and Sidiropoulos, Nicholas D. and Hong, Mingyi},
	booktitle= {{Proceedings of the 34th International Conference on Machine Learning-Volume 70}},
	pages= {{3861--3870}},
	year= {{2017}},
	organization= {{JMLR.org}}
}


@incollection{im2003clusteringsurvey,
	author = {Im Walde, Sabine Schulte},
	title = {{Clustering Algorithms and Evaluations}},
	booktitle = {{Experiments on the Automatic Induction of German Semantic Verb Classes}},
	year= {{2003}},
	publisher= {{Institut für Maschinelle Sprachverarbeitung - Universität Stuttgart}},
	chapter = 4,
	url = {{https://www.ims.uni-stuttgart.de/institut/mitarbeiter/schulte/theses/phd/algorithm.pdf}}
}


@inproceedings{xie2013MGCTM,
	title= {{Integrating document clustering and topic modeling}},
	author={Xie, Pengtao and Xing, Eric P.},
	booktitle= {{Proceedings of the Twenty-Ninth Conference on Uncertainty in Artificial Intelligence (UAI2013)}},
	year= {{2013}},
	url = {{http://auai.org/uai2013/prints/papers/35.pdf}}
}


@article{baraldi1999surveyfuzzyclstering,
	title= {{A survey of fuzzy clustering algorithms for pattern recognition. I}},
	author={Baraldi, Andrea and Blonda, Palma},
	journal= {{IEEE Transactions on Systems, Man, and Cybernetics, Part B (Cybernetics)}},
	volume= {{29}},
	number= {{6}},
	pages= {{778--785}},
	year= {{1999}},
	publisher= {{Citeseer}}
}


@article{khan2004centerinit4kmeans,
	title= {{Cluster center initialization algorithm for K-means clustering}},
	author={Khan, Shehroz S and Ahmad, Amir},
	journal= {{Pattern recognition letters}},
	volume= {{25}},
	number= {{11}},
	pages= {{1293--1302}},
	year= {{2004}},
	publisher= {{Elsevier}}
}


@article{bezdek1984fcm,
	title= {{FCM: The fuzzy c-means clustering algorithm}},
	author={Bezdek, James C and Ehrlich, Robert and Full, William},
	journal= {{Computers \& Geosciences}},
	volume= {{10}},
	number= {{2-3}},
	pages= {{191--203}},
	year= {{1984}},
	publisher= {{Elsevier}}
}


@article{afanador2016unsupervisedrandomforest,
	title= {{Unsupervised random forest: a tutorial with case studies}},
	author={Afanador, Nelson Lee and Smolinska, Agnieszka and Tran, Thanh N. and Blanchet, Lionel},
	journal={{Journal of Chemometrics}},
	volume= {{30}},
	number= {{5}},
	pages= {{232--241}},
	year= {{2016}},
	publisher= {{Wiley Online Library}}
}


@article{breiman2001randomforest,
	title= {{Random Forests}},
	author={Breiman, Leo},
	journal= {{Machine Learning}},
	volume= {45},
	number= {1},
	pages= {5--32},
	year= {2001},
	publisher= {Springer},
	doi={10.1023/A:1010933404324}
}

@article{shi2000spectralClustering,
	title= {{Normalized Cuts and Image Segmentation}},
	author={Shi, Jianbo and Malik, Jitendra},
	journal= {{IEEE Transactions On Pattern Analysis And Machine Intelligence}},
	pages= {{888-905}},
	volume=22,
	number=8,
	year= {{2000}}
}


@article{von2007tutorialSpectralClustering,
	title= {{A tutorial on spectral clustering}},
	author={Von Luxburg, Ulrike},
	journal= {{Statistics and computing}},
	volume= {{17}},
	number= {{4}},
	pages= {{395--416}},
	year= {{2007}},
	publisher= {{Springer}}
}


@inproceedings{ester1996dbscan,
	title= {{A Density-based Algorithm For Discovering Clusters In Large Spatial Databases With Noise}},
	author={Ester, Martin and Kriegel, Hans-Peter and Sander, J{\"o}rg and Xu, Xiaowei and others},
	booktitle= {{KDD}},
	volume= {{96}},
	pages= {{226--231}},
	year= {{1996}}
}


@article{hathaway1989fuzzycmeans,
	title= {{Relational duals of the c-means clustering algorithms}},
	author={Hathaway, Richard J. and Davenport, John W. and Bezdek, James C.},
	journal= {{Pattern recognition}},
	volume= {{22}},
	number= {{2}},
	pages= {{205--212}},
	year= {{1989}},
	publisher= {{Elsevier}}
}


@article{forgey1965kmeans,
	title= {{Cluster analysis of multivariate data: Efficiency vs. interpretability of classification}},
	author={Forgey, Edward},
	journal= {{Biometrics}},
	volume= {{21}},
	number= {{3}},
	pages= {{768--769}},
	year= {{1965}},
	publisher= {{Oxford}}
}

@article{krishnapuram2001fuzzycmedoids,
	title= {{Low-Complexity Fuzzy Relational Clustering Algorithms For Web Mining}},
	author={Krishnapuram, Raghu and Joshi, Anupam and Nasraoui, Olfa and Yi, Liyu},
	journal= {{IEEE transactions on Fuzzy Systems}},
	volume= {{9}},
	number= {{4}},
	pages= {{595--607}},
	year= {{2001}},
	publisher= {{IEEE}}
}


@misc{balabantaray2015kmeanskmedoids,
	title= {{Document Clustering Using K-means And K-medoids}},
	author={Balabantaray, Rakesh Chandra and Sarma, Chandrali and Jha, Monica},
	note={{arXiv preprint arXiv:1502.07938 [cs.IR]}},
	year= {{2015}}
}



@book{duda1973patternclass,
	title= {{Pattern Classification And Scene Analysis}},
	author={Duda, Richard O. and Hart, Peter E. and others},
	volume= {{3}},
	year= {{1973}},
	publisher= {{John Wiley \& Sons}},
	address={New York}
}


@misc{raschka2014naivebayes,
	title= {{Naive Bayes and Text Classification I: Introduction and Theory}},
	author={Raschka, Sebastian},	
	year= {{2014}},
	note={{arXiv preprint arXiv:1410.5329 [cs.LG]}}
}

@inproceedings{rish2001nb_study,
	title= {{An Empirical Study Of The Naive Bayes Classifier}},
	author={Rish, Irina},
	booktitle= {{IJCAI 2001 Workshop On Empirical Methods In Artificial Intelligence}},
	volume= {3},
	pages= {{41--46}},
	year= {{2001}},
	organization= {{IBM New York}}
}

@inproceedings{schutze1995chi2,
	title= {{A comparison of classifiers and document representations for the routing problem}},
	author={Sch{\"u}tze, Hinrich and Hull, David A and Pedersen, Jan O},
	booktitle= {{Proceedings of the 18th annual international ACM SIGIR conference on Research and development in information retrieval}},
	pages= {{229--237}},
	year= {{1995}},
	organization= {{ACM}}
}

@inproceedings{yang1997IGandIMandCHIandTS,
	title= {{A comparative study on feature selection in text categorization}},
	author={Yang, Yiming and Pedersen, Jan O},
	booktitle= {{ICML}},
	volume= {{97}},
	pages= {{412--420}},
	year= {{1997}}
}

@inproceedings{elsaadawy2018textClassifAvgW2V,
	title={A Text Classifier Using Weighted Average Word Embedding},
	author={Elsaadawy, AbdAllah and Torki, Marwan and Ei-Makky, Nagwa},
	booktitle={2018 International Japan-Africa Conference on Electronics, Communications and Computations (JAC-ECC)},
	pages={151--154},
	year={2018},
	organization={IEEE}
}

@article{shirsath2017twostageNBSVM,
	title={Two Stage Smart Crawler with NBSVM classifier},
	author={Shirsath, Ashlesha},
	journal={International Research Journal of Engineering and Technology},
	volume={4},
	number={07},
	pages={2051--2054},
	year={2017}
}

@misc{joulin2016fasttextzip,
	title={Fasttext. zip: Compressing text classification models},
	author={Joulin, Armand and Grave, Edouard and Bojanowski, Piotr and Douze, Matthijs and J{\'e}gou, H{\'e}rve and Mikolov, Tomas},
	note={{arXiv preprint arXiv:1612.03651}},
	year={2016}
}

@inproceedings{mohammad2018preprocessing4classif-nbsvm-fasttext,
	title={Is preprocessing of text really worth your time for toxic comment classification?},
	author={Mohammad, Fahim},
	booktitle={Proceedings on the International Conference on Artificial Intelligence (ICAI)},
	pages={447--453},
	year={2018},
	organization={The Steering Committee of The World Congress in Computer Science, Computer~…}
}

@article{frantzi2000CValueNCValue,
	title= {{Automatic recognition of multi-word terms:. the c-value/nc-value method}},
	author={Frantzi, Katerina and Ananiadou, Sophia and Mima, Hideki},
	journal= {{International journal on digital libraries}},
	volume= {{3}},
	number= {{2}},
	pages= {{115--130}},
	year= {{2000}},
	publisher= {{Springer}}
}

@article{singh2014id3cartc45,
	title= {{Comparative study ID3, CART and C4.5 decision tree algorithm: a survey}},
	author={Singh, Sonia and Gupta, Priyanka},
	journal= {{International Journal of Advanced Information Science and Technology (IJAIST)}},
	volume= {{27}},
	pages= {{97--103}},
	year= {{2014}}
}

@book{McLachlan1992DiscrAnalyStatPattRecog-QDA,
	title={Discriminant Analysis and Statistical Pattern Recognition},
	author={McLachlan, Geoffrey J.},
	year={1992},
	month={Mar},
	doi={10.1002/0471725293},
	ISBN="9780471615316",
	publisher={{John Wiley \& Sons}}
}

@article{harispe2013semlib,
	title= {{The semantic measures library and toolkit: fast computation of semantic similarity and relatedness using biomedical ontologies}},
	author={Harispe, S{\'e}bastien and Ranwez, Sylvie and Janaqi, Stefan and Montmain, Jacky},
	journal= {{Bioinformatics}},
	volume= {{30}},
	number= {{5}},
	pages= {{740--742}},
	year= {{2013}},
	publisher= {{Oxford University Press}}
}

@article{waltl2018ruleiesurvey,
	title= {{Rule-based Information Extraction: Advantages, Limitations, And Perspectives}},
	author={Waltl, Bernhard and Bonczek, Georg and Matthes, Florian},
	journal= {{Jusletter IT}},
	day=12,
	month=feb,
	year= {{2018}}
}


@inproceedings{price1990atis,
	title= {{Evaluation Of Spoken Language Systems: The ATIS Domain}},
	author={Price, Patti J.},
	booktitle= {{Proceedings of the Speech and Natural Language Workshop of the Human Language Technology Conference}},
	pages={91--95},
	address={{Hidden Valley, Pennsylvania}}, 
	month = {Jun},
	year= {1990}
}

@inproceedings{vinyals2015pointernetworks,
	title= {{Pointer networks}},
	author={Vinyals, Oriol and Fortunato, Meire and Jaitly, Navdeep},
	booktitle= {{Advances in Neural Information Processing Systems}},
	pages= {{2692--2700}},
	year= {{2015}}
}


@inproceedings{liu2013mitmovierestaurant,
	title= {{ASGARD: A Portable Architecture For Multilingualdialogue Systems}},
	author={Liu, Jingjing and Pasupat, Panupong and Cyphers, Scott and Glass, Jim},
	booktitle= {{2013 IEEE International Conference on Acoustics, Speech and Signal Processing (ICASSP)}},
	pages= {{8386--8390}},
	year= {{2013}},
	organization= {{IEEE}}
}


@article{cover1967knn,
	title= {{Nearest Neighbor Pattern Classification}},
	author={Cover, Thomas and Hart, Peter},
	journal= {{IEEE Transactions on Information Theory}},
	volume= {{13}},
	number= {{1}},
	pages= {{21--27}},
	year= {{1967}},
	publisher= {{IEEE}}
}

@inproceedings{nigam1999maxent,
	title= {{Using maximum entropy for text classification}},
	author={Nigam, Kamal and Lafferty, John and McCallum, Andrew},
	booktitle= {{IJCAI-99 Workshop on Machine Learning for Information Filtering}},
	volume= {{1}},
	pages= {{61--67}},
	year= {{1999}}
}

@TechReport{sharnagat2014nersurvey,
	Title  = {{Named entity recognition: A literature survey}},
	author={Sharnagat, Rahul},
	Institution  = {{Center For Indian Language Technology}},
	Year  = {{2014}},
	url  = {https://pdfs.semanticscholar.org/83fd/67f0c9e8e909dc7b90025e64bde0385a9a3a.pdf}
}

@inproceedings{agrawal1994algoApriori,
	title= {{Fast algorithms for mining association rules}},
	author={Agrawal, Rakesh and Srikant, Ramakrishnan and others},
	booktitle= {{Proc. 20th int. conf. very large data bases, VLDB}},
	volume= {{1215}},
	pages= {{487--499}},
	year= {{1994}}
}

@article{nadeau2007nersurvey,
	title= {{A survey of named entity recognition and classification}},
	author={Nadeau, David and Sekine, Satoshi},
	journal= {{Lingvisticae Investigationes}},
	volume= {{30}},
	number= {{1}},
	pages= {{3--26}},
	year= {{2007}},
	publisher= {{John Benjamins publishing company}}
}

@inproceedings{mandal2017IRLeD@FIRE2017,
	title= {{Overview of the FIRE 2017 IRLeD Track: Information Retrieval from Legal Documents.}},
	author={Mandal, Arpan and Ghosh, Kripabandhu and Bhattacharya, Arnab and Pal, Arindam and Ghosh, Saptarshi},
	booktitle= {{FIRE (Working Notes)}},
	pages= {{63--68}},
	year= {{2017}}
}


@article{nair2018judgsimassorule,
	title= {{Similarity Analysis of Court Judgements Using Association Rule Mining on Case Citation Data - A Case Study}},
	author={Nair, Akhil M. and Wagh, Rupali Sunil},
	journal= {{International Journal of Engineering Research and Technology}},
	volume = {{11}},
	number= {{3}},
	ISSN= {{0974-3154}},
	pages = {{373--381}},
	year= {{2018}},
	publisher= {{International Research Publication House}},
	url= {{http://www.irphouse.com/ijert18/ijertv11n3_01.pdf}}
}

@article{tumonis2012legalrealism,
	title= {{LEGAL REALISM \& JUDICIAL DECISION-MAKING.}},
	author={Tumonis, Vitalius},
	journal= {{Jurisprudencija}},
	volume= {{19}},
	number= {{4}},
	year= {{2012}},
	page= {{1361--1382}}
}

@article{wang2009ensembleSVM,
	title= {{Empirical analysis of support vector machine ensemble classifiers}},
	author={Wang, Shi-jin and Mathew, Avin and Chen, Yan and Xi, Li-feng and Ma, Lin and Lee, Jay},
	journal= {{Expert Systems with applications}},
	volume= {{36}},
	number= {{3}},
	pages= {{6466--6476}},
	year= {{2009}},
	publisher= {{Elsevier}}
}

@article{kittler1998combiningClassifiers,
	title= {{On combining classifiers}},
	author={Kittler, Josef and Hatef, Mohamad and Duin, Robert PW and Matas, Jiri},
	journal= {{IEEE transactions on pattern analysis and machine intelligence}},
	volume= {{20}},
	number= {{3}},
	pages= {{226--239}},
	year= {{1998}},
	publisher= {{IEEE}}
}


@inproceedings{kumar2011judgmentsimilarity,
	title= {{Similarity analysis of legal judgments}},
	author={Kumar, Sushanta and Reddy, P Krishna and Reddy, V Balakista and Singh, Aditya},
	booktitle= {{Proceedings of Compute 2011 - Fourth Annual ACM Bangalore Conference}},
	pages= {{17}},
	year= {{2011}},
	organization= {{ACM}}
}

@InProceedings{branting2017autoJudiDocAnalysis,
	author = {Branting, L. Karl},
	title = {{Automating Judicial Document Analysis}},
	booktitle = {{Proceedings of 2ndWorkshop on Automated Semantic Analysis of Information in Legal Texts}},
	year = {{2017}},
	pages = {{7}},
	address = {{London, United Kingdom}},
	month = jun,
	organization = {{ASAIL'2017}},
}

@misc{ma2018wmdchinesecase,
 author= {Ma, Yinglong and Zhang, Peng and Ma, Jiangang},
 title = {{An Efficient Approach to Learning Chinese Judgment Document Similarity Based on Knowledge Summarization}},
 year = {{2018}},
 note = {{arXiv preprint arXiv:1808.01843 [cs.AI]}},
}



@misc{zolotov2017analysisOffastText,
	title={Analysis And Optimization Of fastText Linear Text Classifier},
	author={Zolotov, Vladimir and Kung, David},
	note={arXiv preprint arXiv:1702.05531 [cs.CL]},
	year={2017}
}

@InProceedings{sabzi2011fuzzykmedoids,
 author= {Sabzi, Akhtar and Farjami, Yaghoub and ZiHayat, Morteza},
 title = {{An Improved Fuzzy K-medoids Clustering Algorithm With Optimized Number Of Clusters}},
 booktitle = {{Proceedings of the 11th International Conference on Hybrid Intelligent Systems (HIS)}},
 year = {{2011}},
 pages = {{206--210}},
 organization = {{IEEE}},
}

@Article{alfred2014malayner,
 author= {Alfred, Rayner and Leong, Leow Chin and On, Chin Kim and Anthony, Patricia},
 title = {{Malay named entity recognition based on rule-based approach}},
 journal = {{International Journal of Machine Learning and Computing}},
 year = {{2014}},
 volume = {{4}},
 number = {{3}},
 pages = {{300}},
 publisher = {{IACSIT Press}},
}

@Article{amarappa2015kannada,
 author= {Amarappa, S. and Sathyanarayana, S. V.},
 title = {{Kannada named entity recognition and classification (NERC) based on multinomial naïve bayes (MNB) classifier}},
 journal = {{International Journal on Natural Language Computing (IJNLC)}},
 month = aug,
 year = {{2015}},
 volume = {{4}}, 
 number = {{4}}, 
 url = {{https://arxiv.org/pdf/1509.04385.pdf}},
}

@Article{berti_RNTI-QUALITE04,
 author= {Berti-Equille, Laure},
 title = {{La qualit{\'e} des donn{\'e}es comme condition vers la qualit{\'e} des connaissances : un {\'e}tat de l'art}},
 journal = {{RNTI-E-1}},
 year = {{2004}},
 pages = {{95--118}},
 editor = {{Briand, H. and Sebag, M. and Gras, R. and Guillet, F.}},
 optjournal = {{Revue des Nouvelles Technologies de l'Information}},
 url={\url{https://editions-rnti.fr/render_pdf.php?p=1000108}},
}

@Article{blei2003lda,
 author= {Blei, David M. and Ng, Andrew Y. and Jordan, Michael I.},
 title = {{Latent Dirichlet Allocation}},
 journal = {{the Journal of Machine Learning Research}},
 year = {{2003}},
 volume = {{3}},
 pages = {{993--1022}},
}

@Article{bontcheva2013gateteamware,
 author= {Bontcheva, Kalina and Cunningham, Hamish and Roberts, Ian and Roberts, Angus and Tablan, Valentin and Aswani, Niraj and Gorrell, Genevieve},
	title = {{GATE Teamware: a web-based, collaborative text annotation framework}},
 journal = {{Language Resources and Evaluation}},
 year = {{2013}},
 volume = {{47}},
 number = {{4}},
 pages = {{1007--1029}},
 publisher = {{Springer}},
}

@Article{farzindar2004letsum,
 Title  = {{Letsum, an automatic legal text summarizing system}},
Author={Farzindar, Atefeh and Lapalme, Guy},
 Journal  = {{Legal knowledge and information systems, JURIX}},
 Year  = {{2004}},
 Pages  = {{11--18}}
}

@Article{hanisch2005prominer,
 author= {Hanisch, Daniel and Fundel, Katrin and others},
	title = {{ProMiner: rule-based protein and gene entity recognition}},
 journal = {{BMC bioinformatics}},
 year = {{2005}},
 volume = {{6}},
 number = {{1}},
 pages = {{14}},
 publisher = {{BioMed Central}},
}

@misc{hou2016neokmeans,
 author= {Hou, Yangyang and Whang, Joyce Jiyoung and Gleich, David F. and Dhillon, Inderjit S.},
 title = {{Fast multiplier methods to optimize non-exhaustive, overlapping clustering}},
 year = {{2016}},
 number = {{arXiv preprint arXiv:1602.01910 [cs.LG]}},
}


@Article{jeandidier2006pensions,
 author= {Jeandidier, Bruno and Ray, Jean-Claude},
 title = {{Pensions alimentaires pour enfants lors du divorce - \big[Les juges appliquent-ils implicitement un calcul fond{\'e} sur le co{\^u}t de l’enfant?\big]}},
 journal = {{Revue des politiques sociales et familiales}},
 year = {{2006}},
 volume = {{84}},
 number = {{1}},
 pages = {{5--18}},
 publisher = {{Caisse nationale des allocations familiales}},
 url = {{https://www.persee.fr/doc/caf_1149-1590_2006_num_84_1_2207}}
}

@Article{jones2000bm25idf,
 author= {Jones, K. Sparck and Walker, Steve and Robertson, Stephen E.},
	title = {{A Probabilistic Model Of Information Retrieval: Development And Comparative Experiments}},
 Journal = {{Information Processing \& Management}},
 year = {{2000}},
 volume = {{36}},
 number = {{6}},
 pages = {{809--840}},
 publisher = {{Elsevier}},
}

@Article{jordan2002discriminativegenerative,
 author= {Ng, Andrew Y. and Jordan, Michael I.},
 title = {{On discriminative vs. generative classifiers: a comparison of logistic regression and naive bayes}},
 journal = {{Advances in neural information processing systems}},
 year = {{2002}},
 volume = {{14}},
 pages = {{841--848}},
 url = {{http://ai.stanford.edu/~ang/papers/nips01-discriminativegenerative.pdf}},
}

@Article{lafferty2001crfie,
 author= {Lafferty, John and McCallum, Andrew and Pereira, Fernando C. N.},
	title = {{Conditional random fields: probabilistic models for segmenting and labeling sequence data}},
 journal = {{International Conference on Machine Learning}},
 year = {{2001}},
 url = {{http://repository.upenn.edu/cgi/viewcontent.cgi?article=1162&context=cis_papers}},
}

@misc{lample2016nnner,
 author= {Lample, Guillaume and Ballesteros, Miguel and Subramanian, Sandeep and Kawakami, Kazuya and Dyer, Chris},
 title = {{Neural architectures for named entity recognition}},
 year = {{2016}},
 note = {{arXiv preprint arXiv:1603.01360 [cs.CL]}},
}

@Article{liu1989l-bfgs,
 author= {Liu, Dong C. and Nocedal, Jorge},
 title = {{On the limited memory BFGS method for large scale optimization}},
 journal = {{Mathematical programming}},
 year = {{1989}},
 volume = {{45}},
 number = {{1}},
 pages = {{503--528}},
 publisher = {{Springer}},
}
@inproceedings{yadav2018surveyNeuralNER,
	title= {{A Survey on Recent Advances in Named Entity Recognition from Deep Learning models}},
	author={Yadav, Vikas and Bethard, Steven},
	booktitle= {{Proceedings of the 27th International Conference on Computational Linguistics}},
	pages= {{2145--2158}},
	year= {{2018}}
}
@article{li2018wcpbioner,
	title= {{WCP-RNN: a novel RNN-based approach for Bio-NER in Chinese EMRs}},
	author={Li, Jianqiang and Zhao, Shenhe and Yang, Jijiang and Huang, Zhisheng and Liu, Bo and Chen, Shi and Pan, Hui and Wang, Qing},
	journal= {{The Journal of Supercomputing}},
	pages= {{1--18}},
	year= {{2018}},
	publisher= {{Springer}}
}

@Article{marrero2013nersurvey,
 Title  = {{Named entity recognition: fallacies, challenges and opportunities}},
 Author={Marrero, M{\'o}nica and Urbano, Juli{\'a}n and others},
 Journal  = {{Computer Standards \& Interfaces}},
 Year  = {{2013}},
 Number  = {{5}},
 Pages  = {{482--489}},
 Volume  = {{35}},

 Publisher  = {{Elsevier}}
}

@Article{mccallum2000cora,
 Title  = {{Automating the construction of internet portals with machine learning}},
 Author={McCallum, Andrew Kachites and Nigam, Kamal and others},
 Journal  = {{Information Retrieval}},
 Year  = {{2000}},
 Number  = {{2}},
 Pages  = {{127--163}},
 Volume  = {{3}},

 Publisher  = {{Springer}}
}

@Article{moens2007summarizing,
 Title  = {{Summarizing court decisions}},
 Author={Moens, Marie-Francine},
 Journal  = {{Information processing \& management}},
 Year  = {{2007}},
 Number  = {{6}},
 Pages  = {{1748--1764}},
 Volume  = {{43}},

 Publisher  = {{Elsevier}}
}

@Article{mohammed2012arabicnnner,
 Title  = {{Arabic named entity recognition using artificial neural network}},
 Author={Mohammed, Naji F. and Omar, Nazlia},
 Journal  = {{Journal of Computer Science}},
 Year  = {{2012}},
 Number  = {{8}},
 Pages  = {{1285}},
 Volume  = {{8}}
}

@Article{mussard2018ginipls,
 Title  = {{Gini-PLS Regressions}},
 Author={Mussard, St{\'e}phane
and Souissi-Benrejab, Fattouma},
 Journal  = {{Journal of Quantitative Economics}},
 Year  = {{2018}},
 Month  = {{April}},
 Pages  = {{1--36}},

 Abstract  = {{Data contamination and excessive correlations between regressors (multicollinearity) constitute a standard and major problem in econometrics. Two techniques enable solving these problems, in separate ways: the Gini regression for the former, and the PLS (partial least squares) regression for the latter. Gini-PLS regressions are proposed in order to treat extreme values and multicollinearity simultaneously.}},
 Day  = {{16}},
 Doi  = {{10.1007/s40953-018-0132-9}},
 ISSN  = {{2364-1045}},
 Url  = {{https://doi.org/10.1007/s40953-018-0132-9}}
}

@Article{patra2011distanceclust,
 Title  = {{A Distance Based Clustering Method For Arbitrary Shaped Clusters In Large Datasets}},
 Author={Patra, Bidyut Kr. and Nandi, Sukumar and Viswanath, P.},
 Journal  = {{Pattern Recognition}},
 Year  = {{2011}},
 Number  = {{12}},
 Pages  = {{2862--2870}},
 Volume  = {{44}},

 Publisher  = {{Elsevier}},
 Url  = {{https://ccc.inaoep.mx/~ariel/2012/A%20distance%20based%20clustering%20method%20for%20arbitrary%20shaped%20clusters%20in%20large%20datasets.pdf}}
}

@inproceedings{peshkin2003iebn,
 Title  = {{Bayesian Information Extraction Network}},
 Author={Peshkin, Leonid and Pfeffer, Avi},
 Booktitle  = {{Proceedings of the Eighteenth International Joint Conference on Artificial Intelligence (IJCAI-03)}},
 Year  = {{2003}},
 Url  = {{http://arxiv.org/pdf/cs/0306039.pdf}}
}

@Article{petrillo2010gatemananno,
 Title  = {{Introduction to manual annotation}},
 Author={Petrillo, Matthew and Baycroft, Jessica},
 Journal  = {{Fairview Research}},
 Year  = {{2010}},

 Url  = {{https://gate.ac.uk/teamware/man-ann-intro.pdf}}
}

@Article{pudil1994floatingFeatSelection,
 Title  = {{Floating search methods in feature selection}},
 Author={Pudil, Pavel and Novovi\v{c}ov\'a, Jana and Kittler, Josef},
 Journal  = {{Pattern recognition letters}},
 Year  = {{1994}},
 Number  = {{11}},
 Pages  = {{1119--1125}},
 Volume  = {{15}},

 Publisher  = {{Elsevier}}
}

@Article{raman2003exampleSelection,
 Title  = {{Enhancing learning using feature and example selection}},
 Author={Raman, Baranidharan and Ioerger, Thomas R.},
 Journal  = {{Texas A\&M University, College Station, TX, USA}},
 Year  = {{2003}}
}

@Article{salton1988term-weighting,
 Title  = {{Term-weighting Approaches In Automatic Text Retrieval}},
 Author={Salton, Gerard and Buckley, Christopher},
 Journal  = {{Information Processing \& Management}},
 Year  = {{1988}},
 Number  = {{5}},
 Pages  = {{513--523}},
 Volume  = {{24}},

 Publisher  = {{Elsevier}}
}

@Article{sathiyakumari2011clustering,
 Title  = {{A survey on various approaches in document clustering}},
 Author={Sathiyakumari, K and Manimekalai, G and Preamsudha, V and Scholar, M Phil},
 Journal  = {{International Journal of Computer Technology and Application (IJCTA)}},
 Year  = {{2011}},
 Number  = {{5}},
 Pages  = {{1534--1539}},
 Volume  = {{2}}
}

@Article{sladic2016anonymization,
 Title  = {{Computer aided anonymization and redaction of judicial documents}},
 Author={Sladi\'c, Goran and Gostoji\'c, Stevan and Milosavljevi\'c, Branko and jovi{\'c}, Zora and Milosavljevi{\'c}, Gordana},
 Journal  = {{Computer Science and Information Systems}},
 Year  = {{2016}},
 Number  = {{1}},
 Pages  = {{217--236}},
 Volume  = {{13}}
}

@Article{sparck1972idf,
 Title  = {{A statistical interpretation of term specificity and its application in retrieval}},
 Author={Sparck Jones, Karen},
 Journal  = {{Journal of Documentation}},
 Year  = {{1972}},
 Number  = {{1}},
 Pages  = {{11--21}},
 Volume  = {{28}},

 Publisher  = {{MCB UP Ltd}}
}

@Article{tellier2012SEM,
 Title  = {{Un segmenteur-{\'e}tiqueteur et un chunker pour le fran{\c{c}}ais}},
 Author={Tellier, Isabelle and Dupont, Yoann and Courmet, Arnaud},
 Journal  = {{JEP-TALN-RECITAL 2012}},
 Year  = {{2012}},
 Pages  = {{7}}
}

@Article{ulmer1963quantitative,
 Title  = {{Quantitative analysis of judicial processes: Some practical and theoretical applications}},
 Author={Ulmer, S. Sidney},
 Journal  = {{Law and Contemporary Problems}},
 Year  = {{1963}},
 Number  = {{1}},
 Pages  = {{164--184}},
 Volume  = {{28}},
 Publisher  = {{JSTOR}},
 Url  = {{https://www.jstor.org/stable/1190728?seq=1#page_scan_tab_contents}}
}

@Article{viera2005kappa,
 Title  = {{Understanding interobserver agreement: the kappa statistic}},
 Author={Viera, Anthony J. and Garrett, Joanne M.},
 Journal  = {{Family Medicine}},
 Year  = {{2005}},
 Number  = {{5}},
 Pages  = {{360--363}},
 Volume  = {{37}}
}

@Article{viterbi1967viterbi,
 Title  = {{Error bounds for convolutional codes and an asymptotically optimum decoding algorithm}},
 Author={Viterbi, Andrew James},
 Journal  = {{IEEE Transactions on Information Theory}},
 Year  = {{1967}},
 Number  = {{2}},
 Pages  = {{260--269}},
 Volume  = {{13}},

 Publisher  = {{IEEE}}
}

@Article{welch2003baumwelch,
 Title  = {{Hidden Markov models and the Baum-Welch algorithm}},
 Author={Welch, Lloyd R.},
 Journal  = {{IEEE Information Theory Society Newsletter}},
 Year  = {{2003}},
 Number  = {{4}},
 Pages  = {{10--13}},
 Volume  = {{53}}
}

@Book{bertin_77,
 Title  = {{La graphique et le traitement graphique de l'information}},
 Author={Bertin, J.}},
 Publisher  = {{Flammarion}},
 Year  = {{1977}}
}

@Book{brans_mareschal_EUB02,
 Title  = {{\sc promethee-gaia} -- Une m{\'e}thode d'aide {\`a} la d{\'e}cision en pr{\'e}sence de crit{\`e}res multiples}},
 Author={J.P. Brans and B. Mareschal}},
 Publisher  = {{Ellipses}},
 Year  = {{2002}},

 Optseries  = {{Statistique et mathématiques appliquées}}
}

@Book{freitas2013datamining,
 Title  = {{Data mining and knowledge discovery with evolutionary algorithms}},
 Author={Freitas, Alex A}},
 Publisher  = {{Springer Science \& Business Media}},
 Year  = {{2013}}
}

@article{kitoogo2007featureSelectNER,
	title= {{A methodology for feature selection in named entity recognition}},
	author={Kitoogo, Fredrick Edward and Baryamureeba, Venansius},
	journal= {{Strengthening the Role of ICT in Development}},
	pages= {{88}},
	year= {{2007}}
}

@Book{liu2012featureSelection,
 Title  = {{Feature selection for knowledge discovery and data mining}},
 Author={Liu, Huan and Motoda, Hiroshi},
 Publisher  = {{Springer Science \& Business Media}},
 Year  = {{2012}},
 Volume  = {{454}}
}

@Book{llewellyn1962jurisprudence,
 Title  = {{Jurisprudence: Realism in Theory and Practice}},
 Author={Llewellyn, Karl Nickerson},
 Publisher  = {{The University of Chicago Press}},
 Year  = {{1962}},

 Pages  = {{531}}
}

@article{bakkelund2009lcs,
	title= {{An LCS-based string metric}},
	author={Bakkelund, Daniel},
	journal= {{Olso, Norway: University of Oslo}},
	year= {{2009}}
}


@article{hirschberg1977algorithms_LCS,
	title={{Algorithms For The Longest Common Subsequence Problem}},
	author={Hirschberg, Daniel S.},
	journal={{Journal of the ACM (JACM)}},
	volume={24},
	number={4},
	pages={664--675},
	year={1977},
	publisher={{ACM}}
}

@incollection{manning2009irbook-weighting,
	author ={Manning, Christopher D and Raghavan, Prabhakar and Sch{\"u}tze, Hinrich},
	title ={{Scoring, term weighting and the
	vector space model}},
	booktitle ={{Introduction to information retrieval}},
	year= {{2009}},
	publisher= {{Cambridge university press}},
	address ={{Cambridge}},
	pages ={{109-133}},
	chapter = 6,
}

@Book{manning2009intro2ir,
 Title  = {{Introduction to Information Retrieval}},
 Author={Manning, Christopher D. and Raghavan, Prabhakar and Schütze, Hinrich},
 Publisher  = {{Cambridge University Press}},
 Year  = {{2009}},

 Url  = {{http://nlp.stanford.edu/IR-book/}}
}

@Book{rosset2011quaero,
 Title  = {{Entit{\'e}s nomm{\'e}es structur{\'e}es: guide d'annotation Quaero}},
 Author={Rosset, Sophie and Grouin, Cyril and Zweigenbaum, Pierre},
 Publisher  = {{LIMSI-Centre national de la recherche scientifique}},
 Year  = {{2011}}
}

@incollection{cardellino2015IEwitAL,
	title= {{Information Extraction with Active Learning: A Case Study in Legal Text}},
	author={Cardellino, Cristian and Villata, Serena and Alemany, Laura Alonso and Cabrio, Elena},
	booktitle= {{Computational Linguistics and Intelligent Text Processing}},
	pages= {{483--494}},
	year= {{2015}},
	publisher= {{Springer}}
}
@InCollection{dozier2010legalnerr,
 Title  = {{Named entity recognition and resolution in legal text}},
 Author={Dozier, Christopher and Kondadadi, Ravikumar and Light, Marc and Vachher, Arun and Veeramachaneni, Sriharsha and Wudali, Ramdev},
 Booktitle  = {{Semantic Processing of Legal Texts}},
 Publisher  = {{Springer}},
 Year  = {{2010}},
 Pages  = {{27--43}}
}


@InCollection{tenenhaus2005logitpls,
 Title  = {{La regression logistique PLS}},
 Author={Tenenhaus, Michel},
 Booktitle  = {{Modèles statistiques pour données qualitatives}},
 Publisher  = {{Editions Technip}},
 Year  = {{2005}},
 Chapter  = {{12}},
 Editor  = {{Droesbeke, Jean-Jacques and Lejeune, Michel and Saporta, Gilbert}},
 Pages  = {{263--276}}
}

@book{tenenhaus1998regressionPLS,
	title={{La r{\'e}gression PLS: th{\'e}orie et pratique}},
	author={Tenenhaus, Michel},
	year={1998},
	publisher={{Editions TECHNIP}}
}


@InCollection{xiao2010corpuscreation,
 Title  = {{Corpus Creation}},
 Author={Richard Xiao},
 Booktitle  = {{Handbook of Natural Language Processing}},
 Publisher  = {{Chapman and Hall}},
 Year  = {{2010}},
 Chapter  = {{7}},
 Edition  = {{Second}},
 Editor  = {{Nitin Indurkhya and Fred J . Damerau}},
 Pages  = {{146–165}}
}

@InProceedings{agrawal_etal_SIGMOD93,
 Title  = {{Mining Association Rules between Sets of Items in Large Databases}},
 Author  = {Agrawal, R. and Imielinski, T. and Swami, A.N.},
 Booktitle  = {{ACM SIGMOD International Conference on Management of Data}},
 Year  = {{1993}},
 Editor  = {{Buneman, P. and Jajodia, S.}},
 Pages  = {{207--216}},

 Optaddress  = {{Washington, D.C.}}
}

@InProceedings{ahn2006stages,
 Title  = {{The stages of event extraction}},
 Author={Ahn, David},
 Booktitle  = {{Proceedings of the Workshop on Annotating and Reasoning about Time and Events}},
 Year  = {{2006}},
 Organization  = {{Association for Computational Linguistics}},
 Pages  = {{1--8}}
}

@InProceedings{andrew2018legalNerAndRelation,
 Title  = {{Automatic Extraction of Entities and Relation from Legal Documents}},
 Author={Andrew, Judith Jeyafreeda and Tannier, Xavier},
 Booktitle  = {{Proceedings of the Seventh Named Entities Workshop}},
 Year  = {{2018}},
 Pages  = {{1--8}}
}

@article{wu2017balancingtermweight,
	title= {{Balancing between over-weighting and under-weighting in supervised term weighting}},
	author={Wu, Haibing and Gu, Xiaodong and Gu, Yiwei},
	journal= {{Information Processing \& Management}},
	volume= {{53}},
	number= {{2}},
	pages= {{547--557}},
	year= {{2017}},
	publisher= {{Elsevier}}
}

@InProceedings{balikas2017wordcluster4NER,
 Title  = {{On the effectiveness of feature set augmentation using clusters of word embeddings}},
 Author={Balikas, Georgios and Partalas, Ioannis and Amin, Massih-Reza},
 Booktitle  = {{Proceedings of ACM Conference, Washington, DC, USA}},
 Year  = {{2017}},
 Pages  = {{5 pages}}
}

@InProceedings{benajiba2008arabicner,
 Title  = {{Arabic named entity recognition using conditional random fields}},
 Author={Benajiba, Yassine and Rosso, Paolo},
 Booktitle  = {{Proc. of Workshop on HLT \& NLP within the Arabic World, LREC}},
 Year  = {{2008}},
 Pages  = {{143--153}},
 Volume  = {{8}}
}

@inproceedings{aggarwal2001behaviorOfDistHighDim,
	title={On the surprising behavior of distance metrics in high dimensional space},
	author={Aggarwal, Charu C. and Hinneburg, Alexander and Keim, Daniel A.},
	booktitle={{International Conference on Database Theory}},
	pages={420--434},
	year={2001},
	organization={Springer}
}

@article{sohangir2017improvedCosSim,
	title={Improved sqrt-cosine similarity measurement},
	author={Sohangir, Sahar and Wang, Dingding},
	journal={{Journal of Big Data}},
	volume={4},
	number={1},
	pages={25},
	year={2017},
	publisher={SpringerOpen}
}

@InProceedings{bruninghaus2003predicting,
 Title  = {{Predicting outcomes of case based legal arguments}},
 Author={Bruninghaus, Stefanie and Ashley, Kevin D},
 Booktitle  = {{Proceedings of the 9th international conference on Artificial intelligence and law}},
 Year  = {{2003}},
 Organization  = {{ACM}},
 Pages  = {{233--242}},

 Url  = {{http://www.lrdc.pitt.edu/ashley/bruninghaus.pdf}}
}

@InProceedings{candillier2006clustEvalCascad,
 Title  = {{\'E}valuation en cascade d'algorithmes de clustering}},
 Author={Candillier, Laurent and Tellier, Isabelle and Torre, Fabien and Bousquet, Olivier},
 Booktitle  = {{Conf{\'e}rence d'Apprentissage}},
 Year  = {{2006}},
addresse={Trégastel, France},
 Url  = {{http://www.lattice.cnrs.fr/sites/itellier/articles/CAP06CASC.pdf}}
}

@InProceedings{cardellino2017legalNERCL,
 Title  = {{A Low-cost, High-coverage Legal Named Entity Recognizer, Classifier And Linker}},
 Author={Cardellino, Cristian and Teruel, Milagro and others},
 Booktitle  = {{Proceedings of the 16th edition of the International Conference on Articial Intelligence and Law}},
 Year  = {{2017}},
 Organization  = {{ACM}},
 Pages  = {{9--18}},
 url = {{https://hal.archives-ouvertes.fr/hal-01541446/file/main.pdf}}
}

@InProceedings{chau2002nerwithNN,
 Title  = {{Extracting Meaningful Entities From Police Narrative Reports}},
 Author={Chau, Michael and Xu, Jennifer J and Chen, Hsinchun},
 Booktitle  = {{Proceedings of the 2002 annual national conference on Digital government research}},
 Year  = {{2002}},
 Organization  = {{Digital Government Society of North America}},
 Pages  = {{1--5}},
 Url  = {\url{https://www.researchgate.net/profile/Michael_Chau2/publication/2544779_Extracting_Meaningful_Entities_from_Police_Narrative_Reports/links/0c96053ad7eec1adf3000000.pdf}}
}

@InBook{frank2016weka,
	title={{The WEKA workbench}},
	booktitle={{Online Appendix for "Data Mining: Practical Machine Learning Tools and Techniques"}},
	author={Frank, Eibe and Hall, Mark A. and Witten, Ian H.},
	year={2016},
	publisher={Morgan Kaufmann},
	edition={Fourth},
	pages={128 p.},
	note={\url{https://www.cs.waikato.ac.nz/ml/weka/Witten_et_al_2016_appendix.pdf}}
}

@InProceedings{chen2016event,
 Title  = {{Event Extraction via Bidirectional Long Short-Term Memory Tensor Neural Networks}},
 Author  = {Chen, Yubo and Liu, Shulin and He, Shizhu and Liu, Kang and Zhao, Jun},
 Booktitle  = {{China National Conference on Chinese Computational Linguistics}},
 Year  = {{2016}},
 Organization  = {{Springer}},
 Pages  = {{190--203}}
}

@InProceedings{chiticariu2010adaptativerulebased,
 Title  = {{Domain adaptation of rule-based annotators for named-entity recognition tasks}},
 Author  = {Chiticariu, Laura and Krishnamurthy, Rajasekar and Li, Yunyao and Reiss, Frederick and Vaithyanathan, Shivakumar},
 Booktitle  = {{Proceedings of the 2010 Conference on Empirical Methods in Natural Language Processing}},
 Year  = {{2010}},
 Organization  = {{Association for Computational Linguistics}},
 Pages  = {{1002--1012}}
}

@InProceedings{ekbal2008bengalisvm,
 Title  = {{Bengali named entity recognition using support vector machine}},
 Author={Ekbal, Asif and Bandyopadhyay, Sivaji},
 Booktitle  = {{Proceedings of the IJCNLP-08 Workshop on Named Entity Recognition for South and South East Asian Languages}},
 Year  = {{2008}}
}

@InProceedings{erkan2006lgmodlclust,
 Title  = {{Language model-based document clustering using random walks}},
 Author={Erkan, G{\"u}ne{\c{s}}},
 Booktitle  = {{Proceedings of the main conference on human language technology conference of the north American chapter of the association of computational linguistics}},
 Year  = {{2006}},
 Organization  = {{Association for Computational Linguistics}},
 Pages  = {{479--486}}
}


@InProceedings{quoc2014doc2vec,
	title = 	 {{Distributed Representations of Sentences and Documents}},
	author = 	 {Le, Quoc and Mikolov, Tomas},
	booktitle = 	 {{Proceedings of the 31st International Conference on Machine Learning}},
	pages = 	 {1188--1196},
	year = 	 {2014},
	editor = 	 {Xing, Eric P. and Jebara, Tony},
	volume = 	 {32},
	number =       {2},
	series = 	 {{Proceedings of Machine Learning Research}},
	address = 	 {Bejing, China},
	month = 	 {22--24 Jun},
	publisher = 	 {PMLR},
	pdf = 	 {http://proceedings.mlr.press/v32/le14.pdf},
	url = 	 {http://proceedings.mlr.press/v32/le14.html}
}


@inproceedings{pagliardini2017sent2vec,
	title = {{Unsupervised Learning of Sentence Embeddings using Compositional n-Gram Features}},
	author = {Pagliardini, Matteo and Gupta, Prakhar and Jaggi, Martin},
	booktitle= {{Proceedings of the 2018 Conference of the North American Chapter of the Association for Computational Linguistics: Human Language Technologies (NAACL)}},
	volume={1},
	month={June},
	adress={New Orleans, Louisiana},
	publisher={{Association for Computational Linguistics}},
	pages={528--540},
	doi={10.18653/v1/N18-1049},
	year= {2018},
	url={https://www.aclweb.org/anthology/N18-1049.pdf}
}

@InProceedings{finkel2005stanfordcrfner,
 Title  = {{Incorporating Non-local Information Into Information Extraction Systems By Gibbs Sampling}},
 Author={Finkel, Jenny Rose and Grenager, Trond and Manning, Christopher},
 Booktitle  = {{Proceedings of the 43rd annual meeting on association for computational linguistics}},
 Year  = {{2005}},
 Organization  = {{Association for Computational Linguistics}},
 Pages  = {{363--370}}
}

@InProceedings{galavotti2000gss,
 Title  = {{Experiments on the use of feature selection and negative evidence in automated text categorization}},
 Author={Galavotti, Luigi and Sebastiani, Fabrizio and Simi, Maria},
 Booktitle  = {{International Conference on Theory and Practice of Digital Libraries}},
 Year  = {{2000}},
 Organization  = {{Springer}},
 Pages  = {{59--68}}
}


@inproceedings{martineau2009didf,
	title= {{Delta TFIDF: An Improved Feature Space for Sentiment Analysis}},
	author={Martineau, Justin and Finin, Tim},
	booktitle= {{Third International AAAI Conference on Weblogs and Social Media (ICWSM)}},
	year= {{2009}}
}

@inproceedings{gharbieh2017deeptermlearning,
	title= {{Deep Learning Models For Multiword Expression Identification}},
	author={Gharbieh, Waseem and Bhavsar, Virendrakumar and Cook, Paul},
	booktitle= {{Proceedings of the 6th Joint Conference on Lexical and Computational Semantics (SEM 2017)}},
	pages= {{54--64}},
	year= {{2017}}
}


@article{gomez2004overviewontologielearning,
	title= {{An overview of methods and tools for ontology learning from texts}},
	author={G{\'o}mez-P{\'e}rez, Asunci{\'o}n and Manzano-Macho, David},
	journal= {{The knowledge engineering review}},
	volume= {{19}},
	number= {{3}},
	pages= {{187--212}},
	year= {{2004}},
	publisher= {{Cambridge University Press}}
}


@inproceedings{gaizauskas2000linguistictermrecognition,
	title= {{Term recognition and classification in biological science journal articles}},
	author={Gaizauskas, Robert and Demetriou, George and Humphreys, Kevin},
	booktitle= {{In Proc. of the Computional Terminology for Medical and Biological Applications Workshop of the 2 nd International Conference on NLP}},
	year= {{2000}},
	organization= {{Citeseer}}
}


@inproceedings{lossio2014biotexcvalue,
	title= {{BIOTEX: A system for biomedical terminology extraction, ranking, and validation}},
	author={Lossio-Ventura, Juan Antonio and Jonquet, Clement and Roche, Mathieu and Teisseire, Maguelonne},
	booktitle= {{ISWC: International Semantic Web Conference}},
	year= {{2014}}
}


@inproceedings{paltoglou2010dsidfANDdbidf,
	title= {{A study of information retrieval weighting schemes for sentiment analysis}},
	author={Paltoglou, Georgios and Thelwall, Mike},
	booktitle= {{Proceedings of the 48th annual meeting of the association for computational linguistics}},
	pages= {{1386--1395}},
	year= {{2010}},
	organization= {{Association for Computational Linguistics}}
}


@InProceedings{galliano2009ester,
 Title  = {{The ESTER 2 evaluation campaign for the rich transcription of French radio broadcasts}},
 Author={Galliano, Sylvain and Gravier, Guillaume and Chaubard, Laura},
 Booktitle  = {{Tenth Annual Conference of the International Speech Communication Association}},
 Year  = {{2009}}
}

@InProceedings{grave2017fasttextcls,
 Title  = {{Bag of tricks for efficient text classification}},
 Author={Grave, E. and Mikolov, T. and Joulin, A. and Bojanowski, P.},
 Booktitle  = {{Proceedings of the 15th Conference of the European Chapter of the Association for Computational Linguistics}},
 Year  = {{2017}},
 volume=2,
 address={Valencia, Spain},
 month={April 3-7},
 Pages  = {{427--431}}
}

@InProceedings{guo2009LSA4NER,
 Title  = {{Domain adaptation with latent semantic association for named entity recognition}},
 Author={Guo, Honglei and Zhu, Huijia and others},
 Booktitle  = {{Proceedings of Human Language Technologies: The 2009 Annual Conference of the North American Chapter of the Association for Computational Linguistics}},
 Year  = {{2009}},
 Pages  = {{281--289}}
}

@InProceedings{judea2015eventasframe,
 Title  = {{Event Extraction as Frame-Semantic Parsing.}},
 Author={Judea, Alex and Strube, Michael},
 Booktitle  = {{Proceedings of the Fourth Joint Conference on Lexical and Computational Semantics (* SEM@ NAACL-HLT)}},
 Year  = {{2015}},
 Pages  = {{159--164}}
}

@inproceedings{pennington2014glove,
	title= {{Glove: Global vectors for word representation}},
	author={Pennington, Jeffrey and Socher, Richard and Manning, Christopher},
	booktitle= {{Proceedings Of The 2014 Conference On Empirical Methods In Natural Language Processing (EMNLP)}},
	pages= {{1532--1543}},
	year= {{2014}}
}

@InProceedings{kaufman1987kmedoids,
 Title  = {{Clustering By Means Of Medoids}},
 Author={Kaufman, Leonard and Rousseeuw, Peter J.},
 Booktitle  = {{Statistical Data Analysis Based on the L1-Norm}},
 Year  = {{1987}},
 Editor  = {{Yadolah Dodge}},
 Note  = {{Amsterdam}},
 Pages  = {{405–416}},
 Publisher  = {{North Holland/Elsevier}},

 Url  = {{https://www.researchgate.net/profile/Peter_Rousseeuw/publication/243777819_Clustering_by_Means_of_Medoids/links/00b7d531493fad342c000000.pdf}}
}

@InProceedings{klinger2009FeaturefilterCRF,
 Title  = {{Feature subset selection in conditional random fields for named entity recognition}},
 Author={Klinger, Roman and Friedrich, Christoph M},
 Booktitle  = {{Proceedings of the International Conference RANLP-2009}},
 Year  = {{2009}},
 Pages  = {{185--191}}
}

@article{Pedregosa2011sklearn,
	title= {{Scikit-learn: Machine Learning in Python}},
	author={Pedregosa, F. and Varoquaux, G. and Gramfort, A. and Michel, V. and others},
	journal= {{Journal of Machine Learning Research}},
	volume= {{12}},
	pages= {{2825--2830}},
	year= {{2011}}
}

@inproceedings{rehurek2010gensim,
	title = {{Software Framework for Topic Modelling with Large Corpora}},
	author= {Radim {\v R}eh{\r u}{\v r}ek and Petr Sojka},
	booktitle = {{Proceedings of the LREC 2010 Workshop on New
	Challenges for NLP Frameworks}},
	pages = {{45--50}},
	year = 2010,
	month = May,
	day = 22,
	publisher = {{ELRA}},
	address = {{Valletta, Malta}},
	note= {\url{http://is.muni.cz/publication/884893/en}},
	language= {{English}}
}

@InProceedings{konkol2015tagModel,
 Title  = {{Segment representations in named entity recognition}},
 Author={Konkol, Michal and Konop{\'\i}k, Miloslav},
 Booktitle  = {{International Conference on Text, Speech, and Dialogue}},
 Year  = {{2015}},
 Organization  = {{Springer}},
 Pages  = {{61--70}}
}

@InProceedings{Kriz2014nerinczechdecisions,
 Title  = {{Statistical Recognition of References in Czech Court Decisions}},
 Author={Vincent Kr{\'i}z and Barbora Hladk{\'a} and Jan Dedek and Martin Necask{\'y}},
 Booktitle  = {{Human-Inspired Computing and Its Applications: 13th Mexican International Conference on Artificial Intelligence, MICAI 2014, Tuxtla Guti{\'e}rrez, Mexico, November 16-22, 2014. Proceedings, Part I}},
 Year  = {{2014}},
 Address  = {{Cham}},
 Editor  = {{Gelbukh, Alexander and Espinoza, F{\'e}lix Castro and Galicia-Haro, Sof{\'i}a N.}},
 Pages  = {{51--61}},
 Publisher  = {{Springer International Publishing}},

 Doi  = {10.1007/978-3-319-13647-9_6},
 ISBN  = {{978-3-319-13647-9}},
 Url  = {{http://dx.doi.org/10.1007/978-3-319-13647-9_6}}
}

@InProceedings{kusner2015wordmoverdist,
 Title  = {{From word embeddings to document distances}},
 Author={Kusner, Matt and Sun, Yu and Kolkin, Nicholas and Weinberger, Kilian},
 Booktitle  = {{International Conference on Machine Learning}},
 Year  = {{2015}},
 Pages  = {{957--966}}
}

@InProceedings{lam2016deonticdefeasible,
 author= {Lam, Ho-Pun and Hashmi, Mustafa and Scofield, Brendan},
	title = {{Enabling reasoning with LegalRuleML}},
 booktitle = {{International Symposium on Rules and Rule Markup Languages for the Semantic Web}},
 year = {{2016}},
 pages = {{241--257}},
 organization = {{Springer}},
}

@InProceedings{li2002PAUM,
 Title  = {{The perceptron algorithm with uneven margins}},
 Author={Li, Yaoyong and Zaragoza, Hugo and Herbrich, Ralf and Shawe-Taylor, John and Kandola, Jaz},
 Booktitle  = {{ICML}},
 Year  = {{2002}},
 Pages  = {{379--386}},
 Volume  = {{2}}
}

@InProceedings{li2008regexie,
 Title  = {{Regular expression learning for information extraction}},
 Author={Li, Yunyao and Krishnamurthy, Rajasekar and Raghavan, Sriram and Vaithyanathan, Shivakumar and Jagadish, HV},
 Booktitle  = {{Proceedings of the Conference on Empirical Methods in Natural Language Processing}},
 Year  = {{2008}},
 Organization  = {{Association for Computational Linguistics}},
 Pages  = {{21--30}},

 Url  = {{http://www.aclweb.org/anthology/D08-1003}}
}

@InProceedings{lin2010fastclustering,
 Title  = {{A Very Fast Method for Clustering Big Text Datasets.}},
 Author={Lin, Frank and Cohen, William W},
 Booktitle  = {{ECAI}},
 Year  = {{2010}},
 Pages  = {{303--308}}
}

@InProceedings{ma2016lstm-cnns-crf,
 Title  = {{End-to-end sequence labeling via bi-directional LSTM-CNNs-CRF}},
 Author={Ma, Xuezhe and Hovy, Eduard},
 Booktitle  = {{Proceedings of the 54th Annual Meeting of the Association for Computational Linguistics}},
 volume={1},
 month = aug,
 year = "2016",
 address = "Berlin, Germany",
 publisher = "Association for Computational Linguistics",
 url = "https://www.aclweb.org/anthology/P16-1101",
 doi = "10.18653/v1/P16-1101",
 pages = "1064--1074",
}

@InProceedings{macqueen1967kmeans,
 Title  = {{Some methods for classification and analysis of multivariate observations}},
 Author={MacQueen, James and others},
 Booktitle  = {{Proceedings of the fifth Berkeley symposium on mathematical statistics and probability}},
 Year  = {{1967}},
 Number  = {{14}},
 Organization  = {{Oakland, CA, USA}},
 Pages  = {{281--297}},
 Volume  = {{1}}
}

@InProceedings{mikheev1999NERlexicalWithRules,
 Title  = {{Named entity recognition without gazetteers}},
 Author={Mikheev, Andrei and Moens, Marc and Grover, Claire},
 Booktitle  = {{Proceedings of the ninth conference on European chapter of the Association for Computational Linguistics}},
 Year  = {{1999}},
 Organization  = {{Association for Computational Linguistics}},
 Pages  = {{1--8}}
}

@InProceedings{moens1997abstractingcases,
 Title  = {{Abstracting of legal cases: the SALOMON experience}},
 Author={Moens, Marie-Francine and Uyttendaele, Caroline and Dumortier, Jos},
 Booktitle  = {{Proceedings of the 6th international conference on Artificial intelligence and law}},
 Year  = {{1997}},
 Organization  = {{ACM}},
 Pages  = {{114--122}}
}

@InProceedings{nallapati2010blinddomaintransferner,
 Title  = {{Blind domain transfer for named entity recognition using generative latent topic models}},
 Author={Nallapati, Ramesh and Surdeanu, Mihai and Manning, Christopher},
 Booktitle  = {{Proceedings of the NIPS 2010 Workshop on Transfer Learning Via Rich Generative Models}},
 Year  = {{2010}},
 Pages  = {{281--289}}
}

@InProceedings{ng1997ngl,
 Title  = {{Feature selection, perceptron learning, and a usability case study for text categorization}},
 Author={Ng, Hwee Tou and Goh, Wei Boon and Low, Kok Leong},
 Booktitle  = {{ACM SIGIR Forum}},
 Year  = {{1997}},
 Organization  = {{ACM}},
 Pages  = {{67--73}},
 Volume  = {{31}}
}

@InProceedings{nguyen2016jointtrgarg,
 Title  = {{Joint Event Extraction via Recurrent Neural Networks.}},
 Author={Nguyen, Thien Huu and Cho, Kyunghyun and Grishman, Ralph},
 Booktitle  = {{HLT-NAACL}},
 Year  = {{2016}},
 Pages  = {{300--309}}
}

@InProceedings{palm2017e2e-dnn,
 Title  = {{End-to-End Information Extraction without Token-Level Supervision}},
 Author={Palm, Rasmus Berg and Hovy, Dirk and Laws, Florian and Winther, Ole},
 Booktitle  = {{Proceedings of the Workshop on Speech-Centric Natural Language Processing}},
 Year  = {{2017}}
}

@InProceedings{palmer1997learnedLookup,
 Title  = {{A statistical profile of the named entity task}},
 Author={Palmer, David D. and Day, David S.},
 Booktitle  = {{Proceedings of the fifth conference on Applied natural language processing}},
 Year  = {{1997}},
 Organization  = {{Association for Computational Linguistics}},
 Pages  = {{190--193}}
}

@InProceedings{pinto2003tableCRF,
 Title  = {{Table extraction using conditional random fields}},
 Author={Pinto, David and McCallum, Andrew and Wei, Xing and Croft, W Bruce},
 Booktitle  = {{Proceedings of the 26th annual international ACM SIGIR conference on Research and development in informaion retrieval}},
 Year  = {{2003}},
 Organization  = {{ACM}},
 Pages  = {{235--242}}
}

@InProceedings{plamondon2004anonymisation,
 Title  = {{Anonymisation de d{\'e}cisions de justice}},
 Author={Plamondon, Luc and Lapalme, Guy and Pelletier, Fr{\'e}d{\'e}ric},
 Booktitle  = {{XIe Conf{\'e}rence sur le Traitement Automatique des Langues Naturelles (TALN 2004)}},
 Year  = {{2004}},
 Pages  = {{367--376}}
}

@InProceedings{polifroni2011usingLDA,
 Title  = {{Using Latent Topic Features for Named Entity Extraction in Search Queries.}},
 Author={Polifroni, Joe and Mairesse, Fran{\c{c}}ois},
 Booktitle  = {{INTERSPEECH}},
 Year  = {{2011}},
 Pages  = {{2129--2132}}
}

@InProceedings{sagot2010lefff,
 Title  = {{The Lefff, a freely available and large-coverage morphological and syntactic lexicon for French}},
 Author={Sagot, Beno{\^\i}t},
 Booktitle  = {{7th international conference on Language Resources and Evaluation (LREC 2010)}},
 Year  = {{2010}}
}

@InProceedings{sagot2012annotRefParis,
 Title  = {{Annotation r{\'e}f{\'e}rentielle du Corpus Arbor{\'e} de Paris 7 en entit{\'e}s nomm{\'e}es}},
 Author={Sagot, Beno{\^\i}t and Richard, Marion and Stern, Rosa},
 Booktitle  = {{Traitement Automatique des Langues Naturelles (TALN)}},
 Year  = {{2012}},
 Volume  = {{2}}
}

@inproceedings{kim2004bioNer,
	title= {{Introduction to the bio-entity recognition task at JNLPBA}},
	author={Kim, Jin-Dong and Ohta, Tomoko and Tsuruoka, Yoshimasa and Tateisi, Yuka and Collier, Nigel},
	booktitle= {{Proceedings of the international joint workshop on natural language processing in biomedicine and its applications}},
	pages= {{70--75}},
	year= {{2004}},
	organization= {{Association for Computational Linguistics}}
}

@inproceedings{grishman1996muc6,
	title= {{Message understanding conference-6: A brief history}},
	author={Grishman, Ralph and Sundheim, Beth},
	booktitle= {{COLING 1996 Volume 1: The 16th International Conference on Computational Linguistics}},
	volume= {{1}},
	year= {{1996}}
}

@InProceedings{sang2002introCoNLL,
 Title  = {{Introduction to the CoNLL-2002 Shared Task: Language-independent Named Entity Recognition}},
 Author={Tjong Kim Sang, Erik F.},
 Booktitle  = {{Proceedings of the 6th Conference on Natural Language Learning - Volume 20}},
 Year  = {{2002}},

 Address  = {{Stroudsburg, PA, USA}},
 Pages  = {{1--4}},
 Publisher  = {{Association for Computational Linguistics}},
 Series  = {{COLING-02}},

 Acmid  = {{1118877}},
 Doi  = {10.3115/1118853.1118877},
 Numpages  = {{4}},
 Url  = {{https://doi.org/10.3115/1118853.1118877}}
}

@InProceedings{Schwartz2015legaltopicmodel,
 Title  = {{A Legal Citation Recommendation Engine Using Topic Modeling and Semantic Similarity}},
 Author={Schwartz, Talia and Berger, Michael and Hernandez, Juan},
 Booktitle  = {{Proceedings of Law and Big Data workshop (presentation), The 15th International Conference on Artificial Intelligence \& Law (ICAIL)}},
 Year  = {{2015}}
}

@InProceedings{souissi2013ginipls,
 Title  = {{Gini-PLS Regressions}},
 Author={Souissi-Benrejab, Fattouma and Mussard, St{\'e}phane},
 Booktitle  = {{Journées de l'AFSE Meeting 2013}},
 Year  = {{2013}}
}

@InProceedings{stern2010detection,
 Title  = {{D{\'e}tection et r{\'e}solution d'entit{\'e}s nomm{\'e}es dans des d{\'e}p{\^e}ches d'agence}},
 Author={Stern, Rosa and Sagot, Beno{\^\i}t},
 Booktitle  = {{Traitement Automatique des Langues Naturelles: TALN 2010}},
 Year  = {{2010}}
}

@InProceedings{surdeanu2010claimidentification,
 Title  = {{Legal claim identification: Information extraction with hierarchically labeled data}},
 Author={Surdeanu, Mihai and Nallapati, Ramesh and Manning, Christopher},
 Booktitle  = {{Proceedings of the LREC 2010 Workshop on the Semantic Processing of Legal Texts}},
 Year  = {{2010}}
}

@InProceedings{tjong2003introCoNLL,
 Title  = {{Introduction to the CoNLL-2003 Shared Task: Language-independent Named Entity Recognition}},
 Author={Tjong Kim Sang, Erik F. and De Meulder, Fien},
 Booktitle  = {{Proceedings of the Seventh Conference on Natural Language Learning at HLT-NAACL 2003 - Volume 4}},
 Year  = {{2003}},

 Address  = {{Stroudsburg, PA, USA}},
 Pages  = {{142--147}},
 Publisher  = {{Association for Computational Linguistics}},
 Series  = {{CONLL '03}},

 Acmid  = {{1119195}},
 Doi  = {{10.3115/1119176.1119195}},
 Location  = {{Edmonton, Canada}},
 Numpages  = {{6}},
 Url  = {{https://doi.org/10.3115/1119176.1119195}}
}

@InProceedings{wang2011clustmatrixrep,
 Title  = {{Document clustering via matrix representation}},
 Author={Wang, Xufei and Tang, Jiliang and Liu, Huan},
 Booktitle  = {{2011 IEEE 11th International Conference on Data Mining}},
 Year  = {{2011}},
 Organization  = {{IEEE}},
 Pages  = {{804--813}}
}

@InProceedings{wang2012nbsvm,
 Title  = {{Baselines and bigrams: Simple, good sentiment and topic classification}},
 Author={Wang, Sida and Manning, Christopher D},
 Booktitle  = {{Proceedings of the 50th Annual Meeting of the Association for Computational Linguistics: Short Papers-Volume 2}},
 Year  = {{2012}},
 Organization  = {{Association for Computational Linguistics}},
 Pages  = {{90--94}}
}

@InProceedings{witten1999languagemodel,
 Title  = {{Using language models for generic entity extraction}},
 Author={Witten, Ian H and Bray, Zane and others},
 Booktitle  = {{Proceedings of the ICML Workshop on Text Mining}},
 Year  = {{1999}}
}

@InProceedings{wu1981pidf,
 Title  = {{A comparison of search term weighting: term relevance vs. inverse document frequency}},
 Author={Wu, Harry and Salton, Gerard},
 Booktitle  = {{ACM SIGIR Forum}},
 Year  = {{1981}},
 Organization  = {{ACM}},
 Pages  = {{30--39}},
 Volume  = {{16}}
}

@inproceedings{wu2005chinesener,
	title= {{Chinese named entity recognition based on multiple features}},
	author={Wu, Youzheng and Zhao, Jun and Xu, Bo and Yu, Hao},
	booktitle= {{Proceedings of the Conference on Human Language Technology and Empirical Methods in Natural Language Processing}},
	pages= {{427--434}},
	year= {{2005}},
	organization= {{Association for Computational Linguistics}}
}

@InProceedings{wu2003chinesener,
 Title  = {{Chinese named entity recognition combining a statistical model with human knowledge}},
 Author={Wu, Youzheng and Zhao, Jun and Xu, Bo},
 Booktitle  = {{Proceedings of the ACL 2003 workshop on Multilingual and mixed-language named entity recognition-Volume 15}},
 Year  = {{2003}},
 Organization  = {{Association for Computational Linguistics}},
 Pages  = {{65--72}}
}

@InProceedings{yang2016jointEntityEvt,
 author= {Yang, Bishan and Mitchell, Tom},
 title = {{Joint Extraction of Events and Entities within a Document Context}},
 booktitle = {{Proceedings of NAACL-HLT}},
 year = {{2016}},
 pages = {{289--299}},
}

@Manual{ace2005event,
 Title  = {{ACE (Automatic Content Extraction) English Annotation Guidelines for Events}},
 Author={LDC, (Linguistic Data Consortium)},
 Edition  = {{5.4.3}},
 url  = {{https://www.ldc.upenn.edu/sites/www.ldc.upenn.edu/files/english-events-guidelines-v5.4.3.pdf}},
 Organization  = {{Linguistic Data Consortium}},
 Year  = {{2005}},
 note={\url{https://www.ldc.upenn.edu/sites/www.ldc.upenn.edu/files/english-events-guidelines-v5.4.3.pdf}}
}

@Manual{minjustice2005nac,
	Title  = {{Manuel Technique: Répertoire Général - Annexe 3: Les Nomenclatures}},
	url  = {{http://www.textes.justice.gouv.fr/art_pix/instructnac2006.pdf}},
	Organization  = {{Ministère de la Justice}},
	Year  = {{2006}}
}

@Manual{ace2005relation,
	Title  = {{ACE (Automatic Content Extraction)
	English Annotation Guidelines for Relations}},
	Author={LDC, (Linguistic Data Consortium)},
	Edition  = {{6.2}},
	Note  = {{https://www.ldc.upenn.edu/sites/www.ldc.upenn.edu/files/english-relations-guidelines-v6.2.pdf}},
	Organization  = {{Linguistic Data Consortium}},
	Year  = {{2008}}
}

@misc{baldwin2009bmewo,
 Title  = {{Coding chunkers as taggers: IO, BIO, BMEWO, and BMEWO+}},
 Author={Breck Baldwin},
 Year  = {{2009}},
 note  = {\url{https://lingpipe-blog.com/2009/10/14/coding-chunkers-as-taggers-io-bio-bmewo-and-bmewo/}}
}

@misc{Coulombe2017FrenchLeffLemmatizer,
 Title  = {{French LEFFF Lemmatizer: A French Lemmatizer in Python based on LEFFF, a large-scale morphological and syntactic lexicon for French.}},
 Author={Coulombe, Claude},
 note  = {\url{https://github.com/ClaudeCoulombe/FrenchLefffLemmatizer}},
 Year  = {{2017}}
}

@TechReport{persson2012nbbioner,
 Title  = {{Machine Learning for Tagging of Biomedical Literature}},
 Author={Persson, Caroline},
 institution={Technical University of Denmark, DTU Informatics},
 Year  = {{2012}}
}

@inproceedings{schmid1994treetagger,
 Title  = {{TreeTagger - a part-of-speech tagger for many languages}},
 Author={Schmid, Helmut},
 url  = {{http://www.ims.uni-stuttgart.de/forschung/ressourcen/werkzeuge/treetagger.en.html}},
 Year  = {{1994}},

 Booktitle  = {{Proceedings of International Conference on New Methods in Language Processing}},
 Pages  = {{154}}
}

@manual{thakker2009gatejape,
 Title  = {{GATE JAPE Grammar Tutorial}},
 Author={Thakker, Dhaval and Osman, Taha and Lakin, Phil},
 Year  = {{2009}},
 Url  = {{https://gate.ac.uk/sale/thakker-jape-tutorial/GATE%20JAPE%20manual.pdf}},
 note={\url{https://gate.ac.uk/sale/thakker-jape-tutorial/GATE%20JAPE%20manual.pdf}},
 Volume  = {{1}}
}

@Manual{Zhu2010CRFlecture,
 Title  = {{Conditional Random Fields}},
 Author={Zhu, Xiaojin},
 Note  = {{CS769 Spring 2010 Advanced Natural Language Processing.}},
 Year  = {{2010}},
 url  = {{http://pages.cs.wisc.edu/~jerryzhu/cs769/CRF.pdf}}
}

@PhdThesis{siniakov2008gropusrulebased,
 Title  = {{GROPUS an Adaptive Rule-based Algorithm for Information Extraction}},
 Author={Siniakov, Peter},
 School  = {Freie Universit{\"a}t Berlin},
 Year  = {2008}
}

@TechReport{ancel2003expulsion,
 Title  = {{Les décisions d'expulsion d'occupants sans droit ni titre - Connaissance empirique d’un contentieux hétérogène}},
 Author={Ancel, Pascal},
 Institution  = {Ministère de la Justice},
 Year  = {2003},
 note  = {\url{https://halshs.archives-ouvertes.fr/halshs-00798914/document}},
}

@TechReport{chang2005applyingNER,
 Title  = {{Applying name entity recognition to informal text}},
 Author={Chang, Yu-shan and Sung, Yun-Hsuan},
 Institution  = {{Stanford University}},
 Year  = {{2005}},
 Note  = {{CS224N/Ling237 Final Project Report}}
}

@TechReport{Wallach2004crfintro,
 Title  = {{Conditional Random Fields: An Introduction}},
 Author={Wallach, Hanna M.},
 Institution  = {{University of Pennsylvania Department of Computer and Information Science}},
 Year  = {{2004}},
 url  = {{https://repository.upenn.edu/cgi/viewcontent.cgi?article=1011&context=cis_reports}},

 Journal  = {{Technical Report No. MS-CIS-04-21}}
}

@InProceedings{Waltl2016lexia,
 author= {Waltl, Bernhard and Matthes, Florian and Waltl, Tobias and Grass, Thomas},
 title = {{LEXIA - A Data Science Environment for Semantic Analysis of German Legal Texts}},
 booktitle = {{IRIS: Internationales Rechtsinformatik Symposium}},
 year = {{2016}},
 note = {{Salzburg, Austria}},
}

@inproceedings{waltl2017legaliegerman,
	title= {{Automated extraction of semantic information from German legal documents}},
	author={Waltl, Bernhard and Landthaler, J{\"o}rg and Scepankova, Elena and Matthes, Florian and Geiger, Thomas and Stocker, Christoph and Schneider, Christian},
	booktitle= {{IRIS: Internationales Rechtsinformatik Symposium. Association for Computational Linguistics}},
	year= {{2017}}
}

@inproceedings{waltl2017predictgermantaxlaw,
	title= {{Predicting the Outcome of Appeal Decisions in Germany’s Tax Law}},
	author={Waltl, Bernhard and Bonczek, Georg and Scepankova, Elena and Landthaler, J{\"o}rg and Matthes, Florian},
	booktitle= {{International Conference on Electronic Participation}},
	pages= {{89--99}},
	year= {{2017}},
	organization= {{Springer}}
}

@article{lan2009rf,
	title= {{Supervised and traditional term weighting methods for automatic text categorization}},
	author={Lan, Man and Tan, Chew Lim and Su, Jian and Lu, Yue},
	journal= {{IEEE transactions on pattern analysis and machine intelligence}},
	volume= {{31}},
	number= {{4}},
	pages= {{721--735}},
	year= {{2009}},
	publisher= {{IEEE}}
}

@InProceedings{Maat2010suggestmodelfragments,
 author= {de Maat, Emile and Winkels, Radboud},
	title = {{Suggesting model fragments for sentences in dutch laws}},
 booktitle = {{Proceedings of LOAIT 2010 (IV Workshop on Legal Ontologies and Artificial Intelligent Techniques)}},
 year = {{2010}},
 editor = {{Enrico Francesconi and Simonetta Montemagni and Piercarlo Rossi and Daniela Tiscornia}},
 pages = {{19--28}},
 month = jul,
 note = {{Florence, Italy}},
}

@InProceedings{Bonin2010multiwordncvalue,
 author= {Bonin, Francesca and Dell’Orletta, Felice and Venturi, Giulia and Montemagni, Simonetta},
	title = {{A contrastive approach to multi-word term extraction from domain corpora}},
 booktitle = {{Proceedings of the 7th International Conference on Language Resources and Evaluation}},
 year = {{2010}},
}

@InProceedings{LossioVentura2014biotex,
 author= {Lossio-Ventura, Juan Antonio and Jonquet, Clement and Roche, Mathieu and Teisseire, Maguelonne},
	title = {{BIOTEX: A system for biomedical terminology extraction, ranking, and validation}},
 booktitle = {{Demonstrations Track within the 13th International Semantic Web Conference (ISWC’2014 Posters)}},
 year = {{2014}},
 address = {{Riva del Garda, Italy}},
 month = oct,
 url = {{https://hal-lirmm.ccsd.cnrs.fr/lirmm-01112894/document}},
}

@Article{Shulayeva2017recognfactprincip,
 author= {Shulayeva, Olga and Siddharthan, Advaith and Wyner, Adam},
 title = {{Recognizing cited facts and principles in legal judgements}},
 Journal = {{Artificial Intelligence and Law}},
 year = {{2017}},
 volume = {{25}},
 number = {{1}},
 pages = {{107--126}},
 publisher = {{Springer}},
}

@Article{Galgani2015lexa,
 author= {Galgani, Filippo and Compton, Paul and Hoffmann, Achim},
	title = {{Lexa: Building knowledge bases for automatic legal citation classification}},
 journal = {{Expert Systems with Applications}},
 year = {{2015}},
 volume = {{42}},
 number = {{17-18}},
 pages = {{6391--6407}},
 publisher = {{Elsevier}},
 url = {{https://link.springer.com/content/pdf/10.1007%2F978-3-642-17432-2_45.pdf}},
}

@InProceedings{Sulea2017predictareadecision,
	author = {{\c{S}}ulea, Octavia-Maria and Zampieri, Marcos and Vela, Mihaela and van Genabith, Josef},
	title = {{Predicting the Law Area and Decisions of French Supreme Court Cases}},
	booktitle = {{Proceedings of the International Conference on Recent Advances in Natural Language Processing, RANLP 2017}},
	year = {{2017}},
	pages = {{716--722}},
}

@InProceedings{sulea2017legalEnsSVM,
 author= {{\c{S}}ulea, Octavia-Maria and Zampieri, Marcos and Malmasi, Shervin and Vela, Mihaela and P. Dinu, Liviu and van Genabith, Josef},
	title = {{Exploring the Use of Text Classification in the Legal Domain}},
 booktitle = {{Proceedings of 2nd Workshop on Automated Semantic Analysis of Information in Legal Texts}},
 year = {{2017}},
 pages = {{5}},
 address = {{London, United Kingdom}},
 month = jun,
 organization = {{ASAIL’2017}},
}

@misc{bommarito2018lexnlp,
	title= {{LexNLP: Natural Language Processing and Information Extraction For Legal and Regulatory Texts}},
	author={Bommarito, Michael James and Katz, Daniel Martin and Detterman, Eric},
	month={June},
	note={Available at SSRN: https://ssrn.com/abstract=3192101 or http://dx.doi.org/10.2139/ssrn.3192101},
	year= {2018}
}

@Article{kim2017lawhealthnlp,
 author= {Kim, Mi Young},
	title = {{Natural Language Processing and Machine Learning Techniques in Real World (Law and Health)}},
 journal = {{Robot Autom Eng J.}},
 year = {{2017}},
 volume = {{1}},
 number = {{3}},
 note = {{555562}},
}

@InCollection{WynerMoens2010mineargument,
 author= {Wyner, Adam and Mochales-Palau, Raquel and Moens, Marie-Francine and Milward, David},
 title = {{Approaches to text mining arguments from legal cases}},
 booktitle = {{Semantic Processing of Legal Texts: where the Language of Law Meets the Law of Language}},
 publisher = {{Springer-Verlag}},
 year = {{2010}},
 pages = {{60--79}},
 address = {{Berlin, Heidelberg}},
}

@article{raghuveer2012legalclusteringLDA,
	title= {{Legal documents clustering using latent dirichlet allocation}},
	author={Ravi Kumar, V. and Raghuveer, K.},
	journal= {{International Journal of Applied Information Systems (IJAIS)}},
	publisher={{Foundation of Computer Science FCS}},
	volume= {{2}},
	number= {{6}},
	pages= {{34-37}},
	year= {{2012}},
	ISSN = "2249-0868",
	address = {{New York, USA}},
}

@inproceedings{mochales2008contextfreegrammararg,
	title= {{Study on the structure of argumentation in case law}},
	author={Mochales, Raquel and Moens, Marie-Francine},
	booktitle= {{Proceedings of the 2008 Conference on Legal Knowledge and Information Systems}},
	pages= {{11--20}},
	year= {{2008}}
}

@Article{Aletras2016predictDecisionECHR,
 author= {Aletras, Nikolaos and Tsarapatsanis, Dimitrios and Preo{\c{t}}iuc-Pietro, Daniel and Lampos, Vasileios},
	title = {{Predicting judicial decisions of the European Court of Human Rights: A Natural Language Processing perspective}},
 journal = {{PeerJ Computer Science}},
 year = {{2016}},
 volume = {{2}},
 pages = {{e93}},
 __markedentry = {{[tagny:]}},
 publisher = {{PeerJ Inc.}},
}

@Article{Park2009fastkmedoids,
 author= {Park, Hae-Sang and Jun, Chi-Hyuck},
	title = {{A simple and fast algorithm for K-medoids clustering}},
 journal = {{Expert Systems with Applications}},
 year = {{2009}},
 volume = {{36}},
 number = {{2}},
 pages = {{3336--3341}},
 publisher = {{Elsevier}},
}

@InProceedings{thenmozhi2017legalprecedretriev,
 author= {Thenmozhi, D. and Kannan, Kawshik and Aravindan, Chandrabose},
 title = {{A Text Similarity Approach for Precedence Retrieval from Legal Documents}},
 booktitle = {{Proceedings of Forum for Information Retrieval Evaluation - FIRE (Working Notes)}},
 year = {{2017}},
 pages = {{90--91}},
}

@Article{narazenko2017legalnlpintro,
 author= {Nazarenko, Adeline and Wyner, Adam},
	title = {{Legal NLP Introduction}},
 journal = {{Traitement automatique de la langue juridique / Legal Natural Language Processing - Revue TAL}},
 year = {{2017}},
 volume = {{58}},
 number = {{2}},
 pages = {{7--19}},
 url = {{http://www.atala.org/content/introduction-0}}
}

@Article{Berka2011rbr-cbr,
 author= {Berka, Petr},
 title = {{NEST: A Compositional Approach to Rule-Based and Case-Based Reasoning}},
 journal = {{Advances in Artificial Intelligence}},
 year = {{2011}},
 volume = {{2011}},
 pages = {{15}},
 url = {{http://www.hindawi.com/journals/aai/2011/374250/}},
 doi = {10.1155/2011/374250}
}

@InProceedings{bruninghaus2001improving,
 author= {Br{\"u}ninghaus, Stefanie and Ashley, Kevin D},
	title = {{Improving the representation of legal case texts with information extraction methods}},
 booktitle = {{Proceedings of the 8th international conference on Artificial intelligence and law}},
 year = {{2001}},
 pages = {{42--51}},
 organization = {{ACM}}
}


@Article{cretin2014justicecomplexe,
 author= {Laurette Cretin},
 title = {{L'opinion des Français sur la justice}},
 journal = {{INFOSTAT JUSTICE}},
 year = {{2014}},
 volume = {{125}},
 month = {{Janvier}},
 url = {{http://www.justice.gouv.fr/art\_pix/1\_infostat125\_20140122.pdf}}
}

@Misc{lamanda2010,
 author= {Lamanda, Vincent},
	title = {{Discours du Premier Président de la Cour de Cassation Vincent Lamanda lors de l'audience solennelle de début d’année 2010}},
 year=2010,
 date = {{2010-01-14}},
 url = {{https://www.courdecassation.fr/institution_1/occasion_audiences_59/debut_annee_60/discours_m._lamanda_14858.html}},
 note = {\url{https://www.courdecassation.fr/institution_1/occasion_audiences_59/debut_annee_60/discours_m._lamanda_14858.html}},
}

@Misc{barthe2010,
 author= {Barthe, Emmanuel},
	title = {{Arrêts des cours d’appel : la base JURICA enfin en service chez Lexbase}},
 year= {{20 janvier 2010}},
 date = {{2010-01-20}},
 url = {{https://www.precisement.org/blog/Arrets-des-cours-d-appel-la-base.html}},
 note = {\url{https://www.precisement.org/blog/Arrets-des-cours-d-appel-la-base.html}},
 urldate = {{2019-10-15}}
}

@Article{demaat2003normanalysis,
 author= {de Maat, Emile and van Engers, Tom M.},
	title = {{Mission impossible?: Automated norm analysis of legal texts}},
 journal = {{Legal Knowledge and Information systems, Jurix2003: the sixteenth Annual conferenece, ISBN}},
 year = {{2003}},
 volume = {{1}},
 number = {{58603}},
 pages = {{398}}
}

@Article{erdelez1997legalinformatics,
 author= {Erdelez, Sanda and O'Hare, Sheila},
	title = {{Legal Informatics: Application of Information Technology in Law.}},
 journal = {{Annual Review of Information Science and Technology (ARIST)}},
 year = {{1997}},
 volume = {{32}},
 pages = {{367--402}},
 publisher = {{ERIC}}
}

@InProceedings{freitag1999hmmshirinkage,
 author= {Freitag, Dayne and McCallum, Andrew},
 title = {{Information extraction with HMMs and shrinkage}},
 booktitle = {{Proceedings of the AAAI-99 workshop on machine learning for information extraction}},
 year = {{1999}},
 pages = {{31--36}},
 organization = {{Orlando, Florida}}
}

@article{Genesereth2015computationallaw,
author= {Michael Genesereth},
title = {{Computational Law: The Cop in the Backseat}},
year = {{2015}},
journal = {{The standford Center for Legal Informatics hosted the third annual FutureLaw 2015 conference}},
url = {{http://logic.stanford.edu/complaw/complaw.html}}
}

@Article{gruner1986thinking,
 author= {Gruner, Richard},
 title = {{Thinking like a lawyer: Expert systems for legal analysis}},
 journal = {{1 Berkeley Tech . L.J.}},
 year = {{1986}},
 volume = {{1}},
 number = {{2}},
 pages = {{259--328}},
 url = {{ http://scholarship.law.berkeley.edu/btlj/vol1/iss2/1}},
 publisher = {{JSTOR}}
}

@InProceedings{han2003iesvm,
 author= {Han, Hui and Giles, C Lee and Manavoglu, Eren and Zha, Hongyuan and Zhang, Zhenyue and Fox, Edward A},
 title = {{Automatic document metadata extraction using support vector machines}},
 booktitle = {{Digital Libraries, 2003. Proceedings. 2003 Joint Conference on}},
 year = {{2003}},
 pages = {{37--48}},
 organization = {{IEEE}},
 url = {{https://clgiles.ist.psu.edu/papers/JCDL-2003-automata-metdata.pdf}}
}

@InBook{holland-webbn2014precedent,
 chapter = {{6. The Doctrine of Judicial Precedent}},
 title = {{Learning legal rules: a students' guide to legal method and reasoning}},
 publisher = {{Oxford university press}},
 year = {{2004}},
 author= {Holland, James and Webbn, Julian},
 url = {{http://www.sze.hu/\~kallay/letolt/2011/februar/the\%20doctrine\%20of\%20judicial\%20precedent.pdf}}
}

@InBook{langlaischappe2009ecoresolutionlitige,
	chapter = {{4. Analyse économique de la résolution des litiges}},
	title = {{Analyses économiques du droit: principes, méthodes, résultats}},
	publisher = {{Editions de Boeck Université}},
	year = {{2009}},
	author= {Langlais, Eric and Chappe, Nathalie},
	url = {{http://www.sze.hu/\~kallay/letolt/2011/februar/the\%20doctrine\%20of\%20judicial\%20precedent.pdf}}
}

@InBook{poole2017chap7-supervisedML,
	chapter = {{7 Supervised Machine Learning}},
	title = {{Artificial Intelligence: Foundations of Computational Agents}},
	publisher = {{Cambridge University Press}},
	year = {{2017}},
	author= {Poole, David and Mackworth, Alan},
	url = {{https://artint.info/2e/index.html}}
}

@article{katz2017predictsupremecourt,
	title= {{A general approach for predicting the behavior of the Supreme Court of the United States}},
	author={Katz, Daniel Martin and Bommarito II, Michael J and Blackman, Josh},
	journal= {{PloS one}},
	volume= {{12}},
	number= {{4}},
	pages= {{e0174698}},
	year= {{2017}},
	publisher= {{Public Library of Science}}
}

@Article{kastellec2010statistical,
 author= {Kastellec, Jonathan P},
 title = {{The statistical analysis of judicial decisions and legal rules with classification trees}},
 journal = {{Journal of Empirical Legal Studies}},
 year = {{2010}},
 volume = {{7}},
 number = {{2}},
 pages = {{202--230}},
 publisher = {{Wiley Online Library}},
 url = {{http://scholar.princeton.edu/sites/default/files/trees_0.pdf}}
}
@article{katz2014predicting,
 title= {{Predicting the behavior of the supreme court of the united states: A general approach}},
 author={Katz, Daniel Martin and Bommarito, Michael James and Blackman, Josh},
 journal= {{Available at SSRN 2463244}},
 year= {{2014}}
}

@InProceedings{klein2003standfordparser,
 author= {Klein, Dan and Manning, Christopher D.},
	title = {{Accurate unlexicalized parsing}},
 booktitle = {{Proceedings of the 41st Annual Meeting on Association for Computational Linguistics-Volume 1}},
 year = {{2003}},
 pages = {{423--430}},
 organization = {{Association for Computational Linguistics}}
}

@Article{lawlor1963foundations,
 author= {Reed C. Lawlor},
 title = {{FOUNDATIONS OF LOGICAL LEGAL DECISION MAKING}},
 journal = {{MULL: Modern Uses of Logic in Law}},
 year = {{1963}},
 volume = {{4}},
 number = {{2}},
 pages = {{98-114}},
 month = {{June}},
 url = {{http://www.jstor.org/stable/29760940}},
 issn = {{21589240}},
 publisher = {{American Bar Association}},
}

@Article{leith2010risefall,
 author= {Leith, Philip},
	title = {{The rise and fall of the legal expert system}},
 journal = {{European Journal of Law and Technology}},
 year = {{2010}},
 volume = {{1}},
 number = {{1}},
 pages = {{179--201}},
 url = {{http://ejlt.org/article/view/14/1}}
}
@inproceedings{love2005computationallaw,
 title= {{Computational law}},
 author={Love, Nathaniel and Genesereth, Michael},
 booktitle= {{Proceedings of the 10th international conference on Artificial intelligence and law}},
 pages= {{205--209}},
 year= {{2005}},
 organization= {{ACM}}
}

@inproceedings{moens2007NBvsMaxent4arguments,
	title= {{Automatic detection of arguments in legal texts}},
	author={Moens, Marie-Francine and Boiy, Erik and Palau, Raquel Mochales and Reed, Chris},
	booktitle= {{Proceedings of the 11th international conference on Artificial intelligence and law}},
	pages= {{225--230}},
	year= {{2007}},
	organization= {{ACM}}
}

@inproceedings{medvedeva2018echrCristalBall,
	title= {{Judicial Decisions of the European Court of Human Rights: Looking into the Crystal Ball}},
	author={Medvedeva, Masha and Vols, Michel and Wieling, Martijn},
	booktitle= {{Proceedings of the Conference on Empirical Legal Studies}},
	year= {{2018}}
}

@book{vapnik1995statlearning,
	title= {{The Nature of Statistical Learning Theory}},
	author={Vapnik, Vladimir N.},
	year= {{1995}},
	publisher= {{Springer}}
}


@Article{martin2004competing,
 author= {Martin, Andrew D and Quinn, Kevin M and Ruger, Theodore W and Kim, Pauline T},
	title = {{Competing approaches to predicting supreme court decision making}},
 journal = {{Perspectives on Politics}},
 year = {{2004}},
 volume = {{2}},
 number = {{04}},
 pages = {{761--767}},
 publisher = {{Cambridge Univ Press}},
 url = {{http://wusct.wustl.edu/media/man1.pdf}}
}
@inproceedings{mccallum2000maxent,
 title= {{Maximum Entropy Markov Models for Information Extraction and Segmentation.}},
 author={McCallum, Andrew and Freitag, Dayne and Pereira, Fernando CN},
 booktitle= {{ICML}},
 volume= {{17}},
 pages= {{591--598}},
 year= {{2000}}
}

@InProceedings{moens2002case-basedreasoning,
 author= {Moens, Marie-Francine},
 title = {{What information retrieval can learn from case-based reasoning}},
 booktitle = {{Legal Knowledge and Information Systems.}},
 year = {{2002}},
 month= {{dec}},
 pages = {{83--91}},
 organization = {{Jurix 2002: The Fifteenth Annual Conference}},
 address= {{Amsterdam}},
 publisher = {{T.J.M. Bench-Capon, A. Daskalopulu and R.G.F. Winkels (eds.)}}
}

@Article{peng2006crf,
 author= {Peng, Fuchun and McCallum, Andrew},
 title = {{Information extraction from research papers using conditional random fields}},
 journal = {{Information processing \& management}},
 year = {{2006}},
 volume = {{42}},
 number = {{4}},
 pages = {{963--979}},
 publisher = {{Elsevier}},
 url = {{http://aclasb.dfki.de/nlp/bib/N04-1042}}
}

@InProceedings{peng-mccallum2004crf,
 author= {Peng, Fuchun and McCallum, Andrew},
 title = {{Accurate Information Extraction from Research Papers using Conditional Random Fields}},
 booktitle = {{HLT-NAACL 2004: Main Proceedings}},
 year = {{2004}},
 editor = {{Susan Dumais, Daniel Marcu and Salim Roukos}},
 pages = {{329--336}},
 address = {{Boston, Massachusetts, USA}},
 month = {{May 2 - May 7}},
 publisher = {{Association for Computational Linguistics}},
 url = {{http://www.aclweb.org/anthology/N04-1042}}
}

@Article{rabiner1989tutorial,
 author= {Rabiner, Lawrence R.},
 title = {{A tutorial on hidden Markov models and selected applications in speech recognition}},
 journal = {{Proceedings of the IEEE}},
 year = {{1989}},
 volume = {{77}},
 number = {{2}},
 pages = {{257--286}},
 publisher = {{IEEE}}
}

@Article{ruger2004supreme,
 author= {Ruger, Theodore W and Kim, Pauline T and Martin, Andrew D and Quinn, Kevin M},
 title = {{The Supreme Court forecasting project: Legal and political science approaches to predicting Supreme Court decision--making}},
 journal = {{Columbia Law Review}},
 year = {{2004}},
 pages = {{1150--1210}},
 url = {{http://scholarship.law.berkeley.edu/cgi/viewcontent.cgi?article=1018&context=facpubs}},
 publisher = {{JSTOR}}
}

@Article{Seymore1999hmm,
 author= {Seymore, Kristie and McCallum, Andrew and Rosenfeld, Ronald},
 title = {{Learning hidden Markov model structure for information extraction}},
 journal = {{AAAI-99 workshop on machine learning for information extraction}},
 year = {{1999}},
 doi = {10.1.1.47.8365},
 url = {{http://www.aaai.org/Papers/Workshops/1999/WS-99-11/WS99-11-007}}
}

@InProceedings{taghva2005address,
 author= {Taghva, Kazem and Coombs, Jeffrey S. and Pereda, Ray and Nartker, Thomas A.},
 title = {{Address extraction using hidden markov models}},
 booktitle = {{Electronic Imaging 2005}},
 year = {{2005}},
 pages = {{119--126}},
 organization = {{International Society for Optics and Photonics}}
}

@InProceedings{wyner2010casefactors,
 author= {Wyner, Adam and Peters, Wim},
 title = {{Lexical Semantics and Expert Legal Knowledge towards the Identification of Legal Case Factors.}},
 booktitle = {{JURIX}},
 year = {{2010}},
 volume = {{10}},
 pages = {{127--136}},
 url = {{http://wyner.info/research/Papers/WynerPetersCaseFactorsJURIX2010Final.pdf}},
}

@Article{wyner2010extractlegalelts,
 author= {Wyner, Adam Z.},
 title = {{Towards annotating and extracting textual legal case elements}},
 journal = {{Informatica e Diritto: special issue on legal ontologies and artificial intelligent techniques}},
 year = {{2010}},
 volume = {{19}},
 number = {{1-2}},
 pages = {{9--18}},
 url = {{http://citeseerx.ist.psu.edu/viewdoc/download?doi=10.1.1.232.1531&rep=rep1&type=pdf#page=9}},
 publisher = {{Citeseer}}
}

@InProceedings{wyner2012GateAnnotation,
 author= {Wyner, Adam and Peters, Wim},
	title = {{Semantic Annotations for Legal Text Processing using GATE Teamware}},
 booktitle = {{Semantic Processing of Legal Texts (SPLeT-2012) Workshop Programme}},
 year = {{2012}},
 pages = {{34}},
 url = {{http://lrec.elra.info/proceedings/lrec2012/workshops/27.LREC%202012%20Workshop%20Proceedings%20SPLeT.pdf#page=42}}
}



@inproceedings{brown2013ngram1100languages,
	title= {{Selecting and weighting n-grams to identify 1100 languages}},
	author={Brown, Ralf D.},
	booktitle= {{International Conference on Text, Speech and Dialogue}},
	pages= {{475--483}},
	year= {{2013}},
	organization= {{Springer}}
}


@article{xiao2004information,
 title= {{Information extraction from the web: System and techniques}},
 author={Xiao, Luo and Wissmann, Dieter and Brown, Michael and Jablonski, Stephan},
 journal= {{Applied Intelligence}},
 volume= {{21}},
 number= {{2}},
 pages= {{195--224}},
 year= {{2004}},
 publisher= {{Springer}}
}
@inproceedings{yamron1998hidden,
 title= {{A hidden Markov model approach to text segmentation and event tracking}},
 author={Yamron, Jonathan P and Carp, Ira and Gillick, Larry and Lowe, Steve and van Mulbregt, Paul},
 booktitle= {{Acoustics, Speech and Signal Processing, 1998. Proceedings of the 1998 IEEE International Conference on}},
 volume= {{1}},
 pages= {{333--336}},
 year= {{1998}},
 organization= {{IEEE}}
}

@TechReport{zhang2001hmmie,
	Title  = {{Hidden Markov Models for Information Extraction (Technical Report)}},
	Author  = {Zhang, Nancy R.},
	Institution  = {{Stanford Natural Language Processing Group}},
	Year  = {{2001}}
}

@article{fisher1936linearDA,
	title={The use of multiple measurements in taxonomic problems},
	author={Fisher, Ronald A.},
	journal={{Annals of Eugenics}},
	volume={7},
	number={2},
	pages={179--188},
	year={1936},
	publisher={{Wiley Online Library}}
}

@Article{Ashley2009classifCases,
 author= {Ashley, Kevin D. and Br\"{u}ninghaus, Stefanie},
 title = {{Automatically classifying case texts and predicting outcomes}},
 journal = {{Artificial Intelligence and Law}},
 year = {{2009}},
 volume = {{17}},
 number = {{2}},
 pages = {{125--165}},
 issn = {{09248463}},
 isbn = {{0924-8463}},
 keywords = {{Case-based reasoning,Classifying case texts,Predicting case outcomes,predicting,text process}},
 mendeley-tags = {{text process,predicting}},
 url  = {{http://link.springer.com/content/pdf/10.1007%2Fs10506-009-9077-9.pdf}},
}

@TechReport{PRYSIAZHNIUK2017jurisprudence-demo-web,
	author= {PRYSIAZHNIUK, Anastasiia},
	title = {{Application Web permettant la recherche
	d’information dans les décisions de justice - Stage Master1 au LGI2P/IMT Mines Alès}},
	institution = {Université de Montpellier},
	year = {{2017}},
	url = {{https://github.com/tagnyngompe/taj-demo.git}},
}

@TechReport{zhang2001hmmie,
	Title  = {{Hidden Markov Models for Information Extraction (Technical Report)}},
	Author  = {Zhang, Nancy R.},
	Institution  = {{Stanford Natural Language Processing Group}},
	Year  = {{2001}}
}

@Misc{McCallum2012Mallet,
 author= {McCallum, Andrew Kachites},
 title = {{MALLET: A Machine Learning for Language Toolkit}},
 year = {{2012}},
 note = {\url{http://mallet.cs.umass.edu/}},
}

@Comment{jabref-meta: databaseType:bibtex;}
