% Encoding: UTF-8
@inproceedings{souissi2013gini,
  title={Gini-PLS Regressions},
  author={Souissi, Fattouma and Mussard, St{\'e}phane},
  booktitle={AFSE Meeting 2013},
  year={2013}
}
@Manual{Zhu2010CRFlecture,
  title =  {Conditional Random Fields},
  author = {Zhu, Xiaojin},
  journal = {CS769 Spring 2010 Advanced Natural Language Processing},
  year =   {2010},
  note =   {CS769 Spring 2010 Advanced Natural Language Processing. \url{http://pages.cs.wisc.edu/~jerryzhu/cs769/CRF.pdf}},
  url =    {\url{http://pages.cs.wisc.edu/~jerryzhu/cs769/CRF.pdf}}
}
@inproceedings{tagny2017sectNerhmmcrf,
  title={Reconnaissance de sections et d'entités dans les décisions de justice: application des modèles probabilistes {HMM} et {CRF}},
  author={Tagny Ngompé, Gildas and Harispe, Sébastien and 
Zambrano, Guillaume and Montmain, Jacky  and
Mussard, Stéphane},
  booktitle={In Extraction et Gestion des Connaissances - EGC 2017, Revue des Nouvelles Technologies de l'Information, Grenoble,
France},
  year={January 2017}
}
@book{liu2012featureSelection,
  title={Feature selection for knowledge discovery and data mining},
  author={Liu, Huan and Motoda, Hiroshi},
  volume={454},
  year={2012},
  publisher={Springer Science \& Business Media}
}
@inproceedings{ng1997ngl,
  title={Feature selection, perceptron learning, and a usability case study for text categorization},
  author={Ng, Hwee Tou and Goh, Wei Boon and Low, Kok Leong},
  booktitle={ACM SIGIR Forum},
  volume={31},
  number={SI},
  pages={67--73},
  year={1997},
  organization={ACM}
}
@article{welch2003baumwelch,
  title={Hidden Markov models and the Baum-Welch algorithm},
  author={Welch, Lloyd R},
  journal={IEEE Information Theory Society Newsletter},
  volume={53},
  number={4},
  pages={10--13},
  year={2003}
}

@article{viterbi1967viterbi,
  title={Error bounds for convolutional codes and an asymptotically optimum decoding algorithm},
  author={Viterbi, Andrew James},
  journal={IEEE transactions on Information Theory},
  volume={13},
  number={2},
  pages={260--269},
  year={1967},
  publisher={IEEE}
}

@article{Wallach2004crfintro,
  title={Conditional Random Fields: An Introduction},
  author={Wallach, Hanna M.},
  journal={University of Pennsylvania Department of Computer and Information Science Technical Report No. MS-CIS-04-21},  
  year={2004}
}

@Article{alfred2014malayner,
  author =    {Alfred, Rayner and Leong, Leow Chin and On, Chin Kim and Anthony, Patricia},
  title =     {Malay named entity recognition based on rule-based approach},
  journal =   {International Journal of Machine Learning and Computing},
  year =      {2014},
  volume =    {4},
  number =    {3},
  pages =     {300},
  publisher = {IACSIT Press}
}

@Article{amarappa2015kannada,
  author =  {Amarappa, S and Sathyanarayana, SV},
  title =   {Kannada named entity recognition and classification (nerc) based on multinomial na$\backslash$" ive bayes (mnb) classifier},
  journal = {arXiv preprint arXiv:1509.04385},
  year =    {2015},
  url =     {https://arxiv.org/ftp/arxiv/papers/1509/1509.04385.pdf}
}

@Article{Ashley2009,
  author =        {Ashley, Kevin D. and Br{\"{u}}ninghaus, Stefanie},
  title =         {{Automatically classifying case texts and predicting outcomes}},
  journal =       {Artificial Intelligence and Law},
  year =          {2009},
  volume =        {17},
  number =        {2},
  pages =         {125--165},
  note =          {\url{http://link.springer.com/content/pdf/10.1007%2Fs10506-009-9077-9.pdf}},
  doi =           {10.1007/s10506-009-9077-9},
  file =          {:C$\backslash$:/Users/gtagnyngompe/Documents/Workspace/these/Etat de l'art du sujet/Automatically classifying case texts and predicting outcomes 2009.pdf:pdf},
  isbn =          {0924-8463},
  issn =          {09248463},
  keywords =      {Case-based reasoning,Classifying case texts,Predicting case outcomes,predicting,text process},
  mendeley-tags = {text process,predicting},
  url =           {\url{http://link.springer.com/content/pdf/10.1007%2Fs10506-009-9077-9.pdf}}
}

@Article{Berka2011rbr-cbr,
  author =  {Berka, Petr},
  title =   {NEST: A Compositional Approach to Rule-Based and Case-Based Reasoning},
  journal = {Advances in Artificial Intelligence},
  year =    {2011},
  volume =  {2011},
  pages =   {15},
  note =    {Article ID 374250. \url{http://www.hindawi.com/journals/aai/2011/374250/}},
  doi =     {10.1155/2011/374250}
}

@Article{blei2003lda,
  author =    {Blei, David M and Ng, Andrew Y and Jordan, Michael I},
  title =     {Latent dirichlet allocation},
  journal =   {the Journal of machine Learning research},
  year =      {2003},
  volume =    {3},
  pages =     {993--1022},
  publisher = {JMLR. org}
}

@InProceedings{bruninghaus2001improving,
  author =       {Br{\"u}ninghaus, Stefanie and Ashley, Kevin D},
  title =        {Improving the representation of legal case texts with information extraction methods},
  booktitle =    {Proceedings of the 8th international conference on Artificial intelligence and law},
  year =         {2001},
  pages =        {42--51},
  organization = {ACM}
}

@InProceedings{bruninghaus2003predicting,
  author =       {Bruninghaus, Stefanie and Ashley, Kevin D},
  title =        {Predicting outcomes of case based legal arguments},
  booktitle =    {Proceedings of the 9th international conference on Artificial intelligence and law},
  year =         {2003},
  pages =        {233--242},
  organization = {ACM},
  note =         {\url{http://www.lrdc.pitt.edu/ashley/bruninghaus.pdf}},
  url =          {\url{http://www.lrdc.pitt.edu/ashley/bruninghaus.pdf}}
}

@incollection{cardellino2015IEwitAL,
  title={Information Extraction with Active Learning: A Case Study in Legal Text},
  author={Cardellino, Cristian and Villata, Serena and Alemany, Laura Alonso and Cabrio, Elena},
  booktitle={Computational Linguistics and Intelligent Text Processing},
  pages={483--494},
  year={2015},
  publisher={Springer}
}

@InProceedings{chau2002nerwithNN,
  author =       {Chau, Michael and Xu, Jennifer J and Chen, Hsinchun},
  title =        {Extracting meaningful entities from police narrative reports},
  booktitle =    {Proceedings of the 2002 annual national conference on Digital government research},
  year =         {2002},
  pages =        {1--5},
  organization = {Digital Government Society of North America},
  url =          {https://www.researchgate.net/profile/Michael_Chau2/publication/2544779_Extracting_Meaningful_Entities_from_Police_Narrative_Reports/links/0c96053ad7eec1adf3000000.pdf}
}

@Article{cretin2014justicecomplexe,
  author =  {Laurette Cretin},
  title =   {L'opinion des Français sur la justice},
  journal = {INFOSTAT JUSTICE},
  year =    {2014},
  volume =  {125},
  month =   {Janvier},
  note =    {\url{http://www.justice.gouv.fr/art_pix/1_infostat125_20140122.pdf}},
  url =     {http://www.justice.gouv.fr/art_pix/1_infostat125_20140122.pdf}
}

@Article{demaat2003normanalysis,
  author =  {de Maat, Emile and van Engers, Tom M.},
  title =   {Mission impossible?: Automated norm analysis of legal texts},
  journal = {Legal Knowledge and Information systems, Jurix2003: the sixteenth Annual conferenece, ISBN},
  year =    {2003},
  volume =  {1},
  number =  {58603},
  pages =   {398}
}

@InCollection{dozier2010legalnerr,
  author =    {Dozier, Christopher and Kondadadi, Ravikumar and Light, Marc and Vachher, Arun and Veeramachaneni, Sriharsha and Wudali, Ramdev},
  title =     {Named entity recognition and resolution in legal text},
  booktitle = {Semantic Processing of Legal Texts},
  publisher = {Springer},
  year =      {2010},
  pages =     {27--43}
}

@Article{erdelez1997legalinformatics,
  author =    {Erdelez, Sanda and O'Hare, Sheila},
  title =     {Legal Informatics: Application of Information Technology in Law.},
  journal =   {Annual Review of Information Science and Technology (ARIST)},
  year =      {1997},
  volume =    {32},
  pages =     {367--402},
  publisher = {ERIC}
}

@InProceedings{erkan2006lgmodlclust,
  author =       {Erkan, G{\"u}ne{\c{s}}},
  title =        {Language model-based document clustering using random walks},
  booktitle =    {Proceedings of the main conference on human language technology conference of the north American chapter of the association of computational linguistics},
  year =         {2006},
  pages =        {479--486},
  organization = {Association for Computational Linguistics}
}

@Article{farzindar2004letsum,
  author =  {Farzindar, Atefeh and Lapalme, Guy},
  title =   {Letsum, an automatic legal text summarizing system},
  journal = {Legal knowledge and information systems, JURIX},
  year =    {2004},
  pages =   {11--18}
}

@InCollection{fisher1986conceptclust,
  author =    {Fisher, Douglas},
  title =     {A proposed method of conceptual clustering for structured and decomposable objects},
  booktitle = {Machine Learning},
  publisher = {Springer},
  year =      {1986},
  pages =     {67--70},
  url =       {\url{http://www.vuse.vanderbilt.edu/~dfisher/Papers/IWML85.pdf}}
}

@InProceedings{freitag1999hmmshirinkage,
  author =       {Freitag, Dayne and McCallum, Andrew},
  title =        {Information extraction with HMMs and shrinkage},
  booktitle =    {Proceedings of the AAAI-99 workshop on machine learning for information extraction},
  year =         {1999},
  pages =        {31--36},
  organization = {Orlando, Florida}
}

@Book{freitas2013datamining,
  title =     {Data mining and knowledge discovery with evolutionary algorithms},
  publisher = {Springer Science \& Business Media},
  year =      {2013},
  author =    {Freitas, Alex A}
}@article{Genesereth2015computationallaw,
author = {Michael Genesereth},
title = {Computational Law: The Cop in the Backseat},
year = {2015},
journal = {The standford Center for Legal Informatics hosted the third annual FutureLaw 2015 conference},
note = {\url{http://logic.stanford.edu/complaw/complaw.html}},
}

@Article{gruner1986thinking,
  author =    {Gruner, Richard},
  title =     {Thinking like a lawyer: Expert systems for legal analysis},
  journal =   {1 Berkeley Tech . L.J.},
  year =      {1986},
  volume =    {1},
  number =    {2},
  pages =     {259--328},
  note =      {\url{ http://scholarship.law.berkeley.edu/btlj/vol1/iss2/1}},
  publisher = {JSTOR}
}

@InProceedings{han2003iesvm,
  author =       {Han, Hui and Giles, C Lee and Manavoglu, Eren and Zha, Hongyuan and Zhang, Zhenyue and Fox, Edward A},
  title =        {Automatic document metadata extraction using support vector machines},
  booktitle =    {Digital Libraries, 2003. Proceedings. 2003 Joint Conference on},
  year =         {2003},
  pages =        {37--48},
  organization = {IEEE},
  note =         {\url{https://clgiles.ist.psu.edu/papers/JCDL-2003-automata-metdata.pdf}},
  url =          {http://citeseerx.ist.psu.edu/viewdoc/download?doi=10.1.1.147.3718&rep=rep1&type=pdf}
}

@InBook{holland-webbn2014precedent,
  chapter =   {6. The Doctrine of Judicial Precedent},
  title =     {Learning legal rules: a students' guide to legal method and reasoning},
  publisher = {Oxford university press},
  year =      {2004},
  author =    {Holland, James and Webbn, Julian},
  url =       {http://www.sze.hu/\~kallay/letolt/2011/februar/the\%20doctrine\%20of\%20judicial\%20precedent.pdf}
}

@article{mccallum2000cora,
  title={Automating the construction of internet portals with machine learning},
  author={McCallum, Andrew Kachites and Nigam, Kamal and Rennie, Jason and Seymore, Kristie},
  journal={Information Retrieval},
  volume={3},
  number={2},
  pages={127--163},
  year={2000},
  publisher={Springer}
}

@Article{hou2016neokmeans,
  author =  {Hou, Yangyang and Whang, Joyce Jiyoung and Gleich, David F and Dhillon, Inderjit S},
  title =   {Fast multiplier methods to optimize non-exhaustive, overlapping clustering},
  journal = {arXiv preprint arXiv:1602.01910},
  year =    {2016}
}

@Article{jordan2002discriminativegenerative,
  author =  {Jordan, A},
  title =   {On discriminative vs. generative classifiers: A comparison of logistic regression and naive bayes},
  journal = {Advances in neural information processing systems},
  year =    {2002},
  volume =  {14},
  pages =   {841},
  url =     {http://ai.stanford.edu/~ang/papers/nips01-discriminativegenerative.pdf}
}

@Article{kastellec2010statistical,
  author =    {Kastellec, Jonathan P},
  title =     {The statistical analysis of judicial decisions and legal rules with classification trees},
  journal =   {Journal of Empirical Legal Studies},
  year =      {2010},
  volume =    {7},
  number =    {2},
  pages =     {202--230},
  note =      {\url{http://scholar.princeton.edu/sites/default/files/trees_0.pdf}},
  publisher = {Wiley Online Library},
  url =       {\url{http://scholar.princeton.edu/sites/default/files/trees_0.pdf}}
}

@Article{katz2014predicting,
  author =  {Katz, Daniel Martin and Bommarito, Michael James and Blackman, Josh},
  title =   {Predicting the behavior of the supreme court of the united states: A general approach},
  journal = {Available at SSRN 2463244},
  year =    {2014},
  url =     {\url{http://arxiv.org/pdf/1407.6333&sa=X&scisig=AAGBfm23JPe1ARORnbJDeL42M0cwTY2fUw&oi=scholaralrt}}
}

@InProceedings{klein2003standfordparser,
  author =       {Klein, Dan and Manning, Christopher D},
  title =        {Accurate unlexicalized parsing},
  booktitle =    {Proceedings of the 41st Annual Meeting on Association for Computational Linguistics-Volume 1},
  year =         {2003},
  pages =        {423--430},
  organization = {Association for Computational Linguistics}
}

@InBook{Kriz2014nerinczechdecisions,
  pages =     {51--61},
  title =     {Statistical Recognition of References in Czech Court Decisions},
  publisher = {Springer International Publishing},
  year =      {2014},
  author =    {Kr{\'i}{\v{z}}, Vincent and Hladk{\'a}, Barbora and D{\v{e}}dek, Jan and Ne{\v{c}}ask{\'y}, Martin},
  editor =    {Gelbukh, Alexander and Espinoza, F{\'e}lix Castro and Galicia-Haro, Sof{\'i}a N.},
  address =   {Cham},
  booktitle = {Human-Inspired Computing and Its Applications: 13th Mexican International Conference on Artificial Intelligence, MICAI 2014, Tuxtla Guti{\'e}rrez, Mexico, November 16-22, 2014. Proceedings, Part I},
  doi =       {10.1007/978-3-319-13647-9_6},
  isbn =      {978-3-319-13647-9},
  url =       {http://dx.doi.org/10.1007/978-3-319-13647-9_6}
}

@Article{lafferty2001crfie,
  author =  {Lafferty, John and McCallum, Andrew and Pereira, Fernando CN},
  title =   {Conditional random fields: Probabilistic models for segmenting and labeling sequence data},
  journal = {International Conference on Machine Learning},
  year =    {2001},
  url =     {http://repository.upenn.edu/cgi/viewcontent.cgi?article=1162&context=cis_papers}
}

@Article{lawlor1963foundations,
  author =    {Reed C. Lawlor},
  title =     {FOUNDATIONS OF LOGICAL LEGAL DECISION MAKING},
  journal =   {MULL: Modern Uses of Logic in Law},
  year =      {1963},
  volume =    {4},
  number =    {2},
  pages =     {98-114},
  month =     {June},
  note =      {\url{http://www.jstor.org/stable/29760940}},
  issn =      {21589240},
  publisher = {American Bar Association},
  url =       {http://www.jstor.org/stable/29760940}
}

@Article{leith2010risefall,
  author =  {Leith, Philip},
  title =   {The rise and fall of the legal expert system},
  journal = {European Journal of Law and Technology},
  year =    {2010},
  volume =  {1},
  number =  {1},
  pages =   {179--201},
  note =    {\url{http://ejlt.org/article/view/14/1}},
  url =     {http://ejlt.org/article/view/14/1}
}

@InProceedings{li2008regexie,
  author =       {Li, Yunyao and Krishnamurthy, Rajasekar and Raghavan, Sriram and Vaithyanathan, Shivakumar and Jagadish, HV},
  title =        {Regular expression learning for information extraction},
  booktitle =    {Proceedings of the Conference on Empirical Methods in Natural Language Processing},
  year =         {2008},
  pages =        {21--30},
  organization = {Association for Computational Linguistics},
  url =          {http://www.aclweb.org/anthology/D08-1003}
}

@InProceedings{lin2010fastclustering,
  author =    {Lin, Frank and Cohen, William W},
  title =     {A Very Fast Method for Clustering Big Text Datasets.},
  booktitle = {ECAI},
  year =      {2010},
  pages =     {303--308}
}
@inproceedings{love2005computationallaw,
  title={Computational law},
  author={Love, Nathaniel and Genesereth, Michael},
  booktitle={Proceedings of the 10th international conference on Artificial intelligence and law},
  pages={205--209},
  year={2005},
  organization={ACM}
}

@Book{manning2008intro2ir,
  title =     {Introduction to Information Retrieval},
  publisher = {Cambridge University Press},
  year =      {2008},
  author =    {Manning, Christopher D. and Raghavan, Prabhakar and Schütze, Hinrich},
  note =      {\url{http://nlp.stanford.edu/IR-book/}},
  url =       {\url{http://nlp.stanford.edu/IR-book/}}
}

@Article{marrero2013nersurvey,
  author =    {Marrero, M{\'o}nica and Urbano, Juli{\'a}n and S{\'a}nchez-Cuadrado, Sonia and Morato, Jorge and G{\'o}mez-Berb{\'\i}s, Juan Miguel},
  title =     {Named entity recognition: fallacies, challenges and opportunities},
  journal =   {Computer Standards \& Interfaces},
  year =      {2013},
  volume =    {35},
  number =    {5},
  pages =     {482--489},
  publisher = {Elsevier}
}

@Article{martin2004competing,
  author =    {Martin, Andrew D and Quinn, Kevin M and Ruger, Theodore W and Kim, Pauline T},
  title =     {Competing approaches to predicting supreme court decision making},
  journal =   {Perspectives on Politics},
  year =      {2004},
  volume =    {2},
  number =    {04},
  pages =     {761--767},
  note =      {\url{http://wusct.wustl.edu/media/man1.pdf}},
  publisher = {Cambridge Univ Press},
  url =       {\url{http://wusct.wustl.edu/media/man1.pdf}}
}

@InProceedings{mccallum2000memm,
  author =    {McCallum, Andrew and Freitag, Dayne and Pereira, Fernando CN},
  title =     {Maximum Entropy Markov Models for Information Extraction and Segmentation.},
  booktitle = {ICML},
  year =      {2000},
  volume =    {17},
  pages =     {591--598}
}

@Manual{McCallum2002Mallet,
  title =  {MALLET: A Machine Learning for Language Toolkit},
  author = {McCallum, Andrew Kachites},
  year =   {2002},
  note =   {\url{http://mallet.cs.umass.edu/}},
  url =    {\url{http://mallet.cs.umass.edu/}}
}
@InBook{Eibe2016Weka,
author = {Frank, Eibe and Hall, Mark A. and Ian H. Witten},
title = {The WEKA Workbench},
chapter = {Online Appendix for "Data Mining: Practical Machine Learning Tools and Techniques"},
publisher = {Morgan Kaufmann},
year = {2016},
OPTkey = {•},
OPTvolume = {•},
OPTnumber = {•},
OPTseries = {•},
OPTtype = {•},
OPTaddress = {•},
OPTedition = {Fourth Edition},
OPTmonth = {•},
OPTpages = {•},
OPTnote = {•},
OPTannote = {•}
}


@InProceedings{moens1997abstracting,
  author =       {Moens, Marie-Francine and Uyttendaele, Caroline and Dumortier, Jos},
  title =        {Abstracting of legal cases: The SALOMON experience},
  booktitle =    {Proceedings of the 6th international conference on Artificial intelligence and law},
  year =         {1997},
  pages =        {114--122},
  organization = {ACM}
}

@InProceedings{moens2002case-basedreasoning,
  author =       {Moens, Marie-Francine},
  title =        {What information retrieval can learn from case-based reasoning},
  booktitle =    {Legal Knowledge and Information Systems},
  year =         {2002},
  pages =        {83--91},
  organization = {Jurix 2002: The Fifteenth Annual Conference},
  publisher =    {T.J.M. Bench-Capon, A. Daskalopulu and R.G.F. Winkels (eds.)},
  note =         {\url{https://www.researchgate.net/profile/Marie-Francine_Moens/publication/250777261_What_Information_Retrieval_Can_Learn_from_Case-Based_Reasoning/links/0a85e52ecd015d41d4000000.pdf}},
  url =          {https://www.researchgate.net/profile/Marie-Francine_Moens/publication/250777261_What_Information_Retrieval_Can_Learn_from_Case-Based_Reasoning/links/0a85e52ecd015d41d4000000.pdf}
}

@Article{moens2007summarizing,
  author =    {Moens, Marie-Francine},
  title =     {Summarizing court decisions},
  journal =   {Information processing \& management},
  year =      {2007},
  volume =    {43},
  number =    {6},
  pages =     {1748--1764},
  publisher = {Elsevier}
}

@Article{patra2011distanceclust,
  author =    {Patra, Bidyut Kr and Nandi, Sukumar and Viswanath, P},
  title =     {A distance based clustering method for arbitrary shaped clusters in large datasets},
  journal =   {Pattern Recognition},
  year =      {2011},
  volume =    {44},
  number =    {12},
  pages =     {2862--2870},
  publisher = {Elsevier},
  url =       {\url{https://ccc.inaoep.mx/~ariel/2012/A%20distance%20based%20clustering%20method%20for%20arbitrary%20shaped%20clusters%20in%20large%20datasets.pdf}}
}

@Article{peng2006crf,
  author =    {Peng, Fuchun and McCallum, Andrew},
  title =     {Information extraction from research papers using conditional random fields},
  journal =   {Information processing \& management},
  year =      {2006},
  volume =    {42},
  number =    {4},
  pages =     {963--979},
  publisher = {Elsevier},
  url =       {http://aclasb.dfki.de/nlp/bib/N04-1042}
}

@InProceedings{peng-mccallum2004crf,
  author =    {Peng, Fuchun and McCallum, Andrew},
  title =     {Accurate Information Extraction from Research Papers using Conditional Random Fields},
  booktitle = {HLT-NAACL 2004: Main Proceedings},
  year =      {2004},
  editor =    {Susan Dumais, Daniel Marcu and Salim Roukos},
  pages =     {329--336},
  address =   {Boston, Massachusetts, USA},
  month =     {May 2 - May 7},
  publisher = {Association for Computational Linguistics},
  url =       {http://www.aclweb.org/anthology/N04-1042}
}

@Article{peshkin2003iebn,
  author =  {Peshkin, Leonid and Pfeffer, Avi},
  title =   {Bayesian information extraction network},
  journal = {arXiv preprint cs/0306039},
  year =    {2003},
  url =     {http://arxiv.org/pdf/cs/0306039.pdf}
}

@InProceedings{pinto2003table,
  author =       {Pinto, David and McCallum, Andrew and Wei, Xing and Croft, W Bruce},
  title =        {Table extraction using conditional random fields},
  booktitle =    {Proceedings of the 26th annual international ACM SIGIR conference on Research and development in informaion retrieval},
  year =         {2003},
  pages =        {235--242},
  organization = {ACM}
}

@Article{rabiner1989tutorial,
  author =    {Rabiner, Lawrence R.},
  title =     {A tutorial on hidden Markov models and selected applications in speech recognition},
  journal =   {Proceedings of the IEEE},
  year =      {1989},
  volume =    {77},
  number =    {2},
  pages =     {257--286},
  publisher = {IEEE}
}

@Article{rafi2014clustconstr,
  author =    {Muhammad Rafi and Farnaz Amin and Mohammad Shahid Shaikh},
  title =     {Document clustering using graph based document representation with constraints},
  journal =   {CoRR},
  year =      {2014},
  volume =    {abs/1412.1888},
  bibsource = {dblp computer science bibliography, http://dblp.org},
  biburl =    {http://dblp.uni-trier.de/rec/bib/journals/corr/RafiAS14},
  timestamp = {Thu, 01 Jan 2015 19:51:08 +0100},
  url =       {http://arxiv.org/abs/1412.1888}
}

@Article{ruger2004supreme,
  author =    {Ruger, Theodore W and Kim, Pauline T and Martin, Andrew D and Quinn, Kevin M},
  title =     {The Supreme Court forecasting project: Legal and political science approaches to predicting Supreme Court decision--making},
  journal =   {Columbia Law Review},
  year =      {2004},
  pages =     {1150--1210},
  note =      {\url{http://scholarship.law.berkeley.edu/cgi/viewcontent.cgi?article=1018&context=facpubs}},
  publisher = {JSTOR}
}

@Article{sathiyakumari2011clustering,
  author =    {Sathiyakumari, K and Manimekalai, G and Preamsudha, V and Scholar, M Phil},
  title =     {A survey on various approaches in document clustering},
  journal =   {International Journal of Computer Technology and Application (IJCTA)},
  year =      {2011},
  volume =    {2},
  number =    {5},
  pages =     {1534--1539},
  publisher = {Citeseer}
}

@InProceedings{schmid2013treetagger,
  author =       {Schmid, Helmut},
  title =        {Probabilistic part-ofispeech tagging using decision trees},
  booktitle =    {New methods in language processing},
  year =         {2013},
  pages =        {154},
  organization = {Routledge}
}

@Article{Schwartz2015legaltopicmodel,
  author =  {Schwartz, Talia and Berger, Michael and Hernandez, Juan},
  title =   {A Legal Citation Recommendation Engine Using Topic Modeling and Semantic Similarity},
  journal = {Law and Big Data workshop (presentation), The 15th International Conference on Artificial Intelligence \& Law},
  year =    {2015}
}

@Article{Seymore1999hmm,
  author =  {Seymore, Kristie and McCallum, Andrew and Rosenfeld, Ronald},
  title =   {{Learning hidden Markov model structure for information extraction}},
  journal = {AAAI-99 Workshop on Machine {\ldots}},
  year =    {1999},
  doi =     {10.1.1.47.8365},
  file =    {:C$\backslash$:/Users/gtagnyngompe/Documents/Workspace/these/Docs choisis/PGM for IE/Learning Hidden Markov Model Structure for Information Extraction 1999.pdf:pdf},
  url =     {http://www.aaai.org/Papers/Workshops/1999/WS-99-11/WS99-11-007}
}

@InProceedings{stern2010detection,
  author =    {Stern, Rosa and Sagot, Beno{\^\i}t},
  title =     {D{\'e}tection et r{\'e}solution d'entit{\'e}s nomm{\'e}es dans des d{\'e}p{\^e}ches d'agence},
  booktitle = {Traitement Automatique des Langues Naturelles: TALN 2010},
  year =      {2010}
}

@InProceedings{taghva2005address,
  author =       {Taghva, Kazem and Coombs, Jeffrey S and Pereda, Ray and Nartker, Thomas A},
  title =        {Address extraction using hidden markov models},
  booktitle =    {Electronic Imaging 2005},
  year =         {2005},
  pages =        {119--126},
  organization = {International Society for Optics and Photonics}
}

@InProceedings{wang2011clustmatrixrep,
  author =       {Wang, Xufei and Tang, Jiliang and Liu, Huan},
  title =        {Document clustering via matrix representation},
  booktitle =    {2011 IEEE 11th International Conference on Data Mining},
  year =         {2011},
  pages =        {804--813},
  organization = {IEEE}
}

@InProceedings{wyner2010casefactors,
  author =    {Wyner, Adam and Peters, Wim},
  title =     {Lexical Semantics and Expert Legal Knowledge towards the Identification of Legal Case Factors.},
  booktitle = {JURIX},
  year =      {2010},
  volume =    {10},
  pages =     {127--136},
  note =      {\url{http://wyner.info/research/Papers/WynerPetersCaseFactorsJURIX2010Final.pdf}},
  url =       {\url{http://wyner.info/research/Papers/WynerPetersCaseFactorsJURIX2010Final.pdf}}
}

@Article{wyner2010extractlegalelts,
  author =    {Wyner, Adam Z},
  title =     {Towards annotating and extracting textual legal case elements},
  journal =   {Informatica e Diritto: special issue on legal ontologies and artificial intelligent techniques},
  year =      {2010},
  volume =    {19},
  number =    {1-2},
  pages =     {9--18},
  note =      {\url{http://citeseerx.ist.psu.edu/viewdoc/download?doi=10.1.1.232.1531&rep=rep1&type=pdf#page=9}},
  file =      {Legal Knowledge extraction and Modeling:C\:\\Users\\gtagnyngompe\\Documents\\Workspace\\these\\Etat de l'art du sujet\\Towards Annotating and Extracting Textual Legal Case Elements.pdf:PDF},
  publisher = {Citeseer}
}

@InProceedings{wyner2012GateAnnotation,
  author =    {Wyner, Adam and Peters, Wim},
  title =     {Semantic Annotations for Legal Text Processing using GATE Teamware},
  booktitle = {Semantic Processing of Legal Texts (SPLeT-2012) Workshop Programme},
  year =      {2012},
  pages =     {34},
  note =      {\url{http://lrec.elra.info/proceedings/lrec2012/workshops/27.LREC%202012%20Workshop%20Proceedings%20SPLeT.pdf#page=42}},
  url =       {\url{http://lrec.elra.info/proceedings/lrec2012/workshops/27.LREC%202012%20Workshop%20Proceedings%20SPLeT.pdf#page=42}}
}
@article{xiao2004information,
  title={Information extraction from the web: System and techniques},
  author={Xiao, Luo and Wissmann, Dieter and Brown, Michael and Jablonski, Stephan},
  journal={Applied Intelligence},
  volume={21},
  number={2},
  pages={195--224},
  year={2004},
  publisher={Springer}
}

@InBook{xiao2010corpuscreation,
  chapter =   {7 - Corpus Creation},
  pages =     {146–165},
  title =     {Handbook of Natural Language Processing},
  publisher = {Chapman and Hall},
  year =      {2010},
  author =    {Richard Xiao},
  editor =    {Nitin Indurkhya and Fred J . Damerau},
  edition =   {Second Edition}
}
@inproceedings{yamron1998hidden,
  title={A hidden Markov model approach to text segmentation and event tracking},
  author={Yamron, Jonathan P and Carp, Ira and Gillick, Larry and Lowe, Steve and van Mulbregt, Paul},
  booktitle={Acoustics, Speech and Signal Processing, 1998. Proceedings of the 1998 IEEE International Conference on},
  volume={1},
  pages={333--336},
  year={1998},
  organization={IEEE}
}

@Article{zhang2001hmmie,
  author =  {Zhang, Nancy R},
  title =   {Hidden Markov Models for Information Extraction},
  journal = {Technical Report. Stanford Natural Language Processing Group},
  year =    {2001}
}
